1752 3347
200 135 263 160 xiv
663 119 1242 165 PROLEGOMENA.

197 243 271 280 que
296 234 332 266 et
352 227 586 278 aequalibus
609 229 694 268 suis
715 237 751 268 et
772 229 999 280 posteritati
1020 229 1237 281 plurimum
1259 227 1469 282 profuerit,
1499 232 1663 283 denique

195 285 401 325 doetrinae
423 285 560 325 christ.
586 286 725 336 capita
742 286 784 324 in
807 285 907 324 artis
926 285 1096 325 formam
1122 287 1301 339 redigere
1325 285 1475 337 primus
1496 297 1662 330 conatus

195 344 264 384 sit.
317 343 456 382 Tanta
482 344 562 393 Ap.
586 342 775 394 consequi
793 355 884 389 ,non
905 342 1128 394 potuisset,
1164 343 1241 383 nisi
1273 343 1448 393 plurima
1467 343 1508 384 in
1526 358 1571 385 eo
1593 359 1659 386 or-

196 405 385 440 namenta
403 400 597 450 fuissent,
627 412 723 438 rara
743 399 888 438 mentis
911 398 1135 450 subtilitas,
1170 400 1303 451 pietas
1324 400 1492 451 eximia,
1522 402 1660 454 singu-

196 456 296 496 laris
315 456 435 496 animi
458 455 628 495 firmitas
651 463 689 495 et
709 456 959 505 constantia,
987 456 1181 506 libertas,
1211 459 1537 509 perseverantia,
1567 471 1662 509 pro-

194 515 327 565 bitas,
357 513 657 563 benevolentia,
680 512 902 564 modestia,
930 512 1179 564 liberalitas,
1205 514 1442 565 prudentia,
1471 515 1661 565 eloquen-

193 572 271 622 tia,
302 583 381 609 non
400 581 519 621 quam
540 569 580 608 in
599 570 764 609 scholae
782 569 1030 610 umbraculis
1051 569 1129 610 sibi
1160 571 1434 621 comparavit,
1471 573 1540 611 sed
1561 585 1663 624 quae

191 642 217 669 a
240 634 397 678 pectore
420 627 601 676 profecta
616 633 700 677 est,
731 627 916 677 aliaeque
938 626 1103 668 virtutes
1122 627 1180 678 (v.
1197 627 1457 682 Niemeyeri
1472 628 1662 675 §bataftez

191 686 286 735 tistit
304 686 338 725 b.
357 683 469 726 §bibet
488 682 524 734 Ι,
542 683 613 724 95.
630 696 719 734 sqq.
748 686 812 726 cd.
832 684 906 739 9.).
966 684 1059 724 Non
1079 697 1168 724 sum
1195 683 1383 734 nescius,
1413 685 1565 736 fuisse,
1595 686 1663 737 qui

194 741 318 783 Paulo
338 740 588 780 iracundiam
606 740 877 793 dictorumque
896 741 1171 791 impotentiam
1185 742 1262 793 quai
1281 755 1567 793 nonnunquam
1589 742 1663 782 ab-

193 799 394 850 ripiuntur
421 810 590 847 quornm
614 804 762 838 natura
790 804 849 839 est
878 798 1016 850 paullo
1037 799 1172 839 acrior
1190 799 1278 838 Act.
1300 799 1368 849 23,
1389 799 1427 839 3.
1451 812 1536 849 ΒΨ,
1569 811 1663 839 ora-

192 855 313 895 tionis
344 854 604 895 acerbitatem
635 861 672 895 et
702 855 960 896 insolentiam
1001 856 1028 896 2
1060 855 1154 896 Cor.
1189 855 1258 906 10,
1285 855 1352 897 10.
1401 857 1469 906 11,
1500 856 1569 898 19.
1601 869 1663 906 sq.

191 912 286 955 Gal.
310 911 352 963 3,
372 913 437 963 1.,
468 912 635 963 denique
662 912 978 953 assentationem
1008 925 1031 952 a
1052 912 1250 964 gravitate
1277 919 1315 952 et
1343 913 1569 952 constantia
1598 926 1664 951 re-

193 976 363 1020 motam,
394 968 473 1019 qua
491 969 674 1009 homiues
692 969 803 1009 leves
825 970 887 1010 sui
910 969 1104 1009 commodi
1133 970 1262 1009 studio
1286 976 1326 1007 ut
1348 969 1451 1009 alios
1473 971 1523 1009 ad
1546 982 1663 1020 quam

191 1041 276 1067 rem
295 1024 497 1066 voluerint
528 1027 723 1066 deducant
749 1029 800 1066 ad
820 1040 957 1066 eorum
976 1027 1219 1066 voluntatem
1241 1038 1357 1076 quam
1385 1028 1435 1066 ad
1458 1027 1663 1066 veritatem

189 1082 297 1135 loqui
333 1083 488 1123 malunt
519 1083 609 1125 Act.
634 1084 703 1135 16,
732 1084 774 1125 3.
817 1084 886 1134 23,
915 1084 957 1124 6.
999 1085 1020 1124 1
1042 1083 1138 1125 Cor.
1159 1084 1201 1134 9,
1221 1084 1290 1124 19.
1310 1096 1398 1133 sqq.
1431 1083 1666 1135 objicerent.

189 1141 301 1181 Haec
325 1140 493 1179 crimina
514 1152 539 1179 a
558 1140 603 1180 P.
626 1141 868 1192 propulsare
888 1139 1054 1189 longum
1076 1146 1159 1189 est,
1200 1141 1270 1178 sed
1298 1141 1471 1178 fortasse
1496 1153 1577 1179 nou
1601 1140 1666 1179 ni-

189 1199 264 1239 mis
288 1197 465 1239 difficile.
522 1196 701 1236 Tantum
730 1197 855 1246 igitur
886 1196 998 1246 dico,
1039 1195 1200 1246 siquod
1221 1195 1268 1236 P.
1300 1196 1446 1235 dictum
1465 1196 1665 1235 facttuuve

189 1255 354 1308 probari
383 1268 463 1294 non
490 1266 612 1305 posse
633 1253 843 1302 videatur,
884 1253 1159 1292 excusandum
1188 1265 1300 1302 esse,
1344 1252 1386 1292 iu
1411 1259 1520 1292 tanto
1542 1265 1664 1304 prae-

188 1313 325 1352 sertim
342 1312 454 1363 viro,
478 1324 599 1361 quum
618 1310 830 1349 mortalem
850 1322 940 1349 eum
960 1309 1090 1349 fuisse
1109 1309 1355 1349 memineris.
1412 1309 1584 1349 Paulum
1598 1310 1664 1350 vel

187 1382 306 1421 quum
334 1366 631 1419 Hierosolymis
660 1373 893 1406 versaretur
928 1366 1101 1407 Judaeos
1142 1379 1225 1405 nou
1258 1366 1575 1416 palaestinenses
1613 1369 1664 1407 ad

186 1425 342 1468 Christi
364 1424 626 1475 disciplinam
648 1423 843 1464 invitasse
865 1425 956 1464 Act.
974 1424 1015 1472 9,
1035 1423 1107 1464 29.
1130 1423 1387 1473 lubenterque
1411 1437 1498 1462 enm
1521 1432 1663 1475 postea

187 1485 293 1524 hanc-
323 1482 550 1534 pactionem
582 1494 671 1520 eum
699 1479 904 1532 primariis
925 1479 1138 1530 Apostolis
1169 1480 1389 1520 confecisse
1419 1481 1664 1532 accepimus,

185 1549 228 1580 ut
254 1540 435 1580 homines
467 1543 656 1589 exteros,
703 1550 822 1588 quum
845 1536 1018 1576 Judaeos
1050 1543 1129 1575 tum
1158 1549 1368 1588 paganos,
1410 1538 1661 1588 provinciam

187 1597 354 1639 haberet
373 1595 537 1647 (Gal.2,
549 1595 610 1643 9.,
640 1594 707 1633 ubi
728 1608 766 1635 v.
785 1605 914 1634 meam
934 1599 1070 1633 notam
1084 1600 1337 1634 commentat.
1354 1593 1482 1644 ΙΙ,22.
1505 1594 1555 1634 cl.
1569 1596 1663 1637 Act.

185 1656 227 1706 9,
247 1655 315 1695 15.
347 1653 417 1704 13,
436 1652 517 1704 2.).
577 1650 739 1692 Scilicet
763 1657 799 1690 et
822 1650 1029 1702 praeclare
1053 1651 1129 1690 hoc
1147 1651 1347 1701 negotium
1367 1657 1556 1701 gesturus
1579 1660 1663 1691 erat

185 1711 417 1754 Hellenista
443 1715 480 1749 et
499 1709 749 1749 metuendum
777 1715 887 1760 erat,
926 1722 974 1747 ue
992 1707 1160 1749 Judaeis
1190 1707 1558 1758 palaestinensibus
1588 1721 1663 1760 pa-

188 1783 275 1810 rum
301 1767 442 1819 gravis
465 1772 603 1806 auctor
621 1765 846 1816 videretur,
884 1778 998 1817 quem
1021 1765 1278 1818 disciplinam
1300 1764 1395 1804 olim
1425 1765 1476 1803 ab
1499 1780 1541 1806 se
1562 1778 1660 1805 con-

187 1827 387 1867 culcatam
406 1825 680 1864 commendare
704 1822 1063 1862 animadverterent
1084 1837 1275 1874 quemque
1297 1822 1475 1862 odissent
1497 1831 1538 1862 ut
1566 1837 1662 1861 suo-

189 1897 274 1924 rum
296 1883 572 1923 institutorum
598 1881 841 1920 desertorem
862 1880 953 1921 Act.
974 1881 1044 1931 22,
1066 1881 1135 1921 18.
1157 1880 1244 1921 21..
1304 1880 1382 1919 Sed
1404 1893 1522 1931 quum
1546 1893 1661 1919 suam

186 1943 234 1984 P.
267 1939 518 1993 provinciam
545 1937 868 1989 relligiosissime
899 1937 1050 1988 obiret,
1088 1937 1212 1976 multo
1245 1936 1279 1975 ei
1311 1937 1452 1976 melius
1487 1938 1663 1977 consilia

189 2000 296 2049 apud
315 1996 501 2048 gentiles,
532 2007 651 2046 quam
670 1997 774 2046 apud
793 1995 966 2035 Judaeos
990 2001 1276 2045 processerunt
1293 1994 1383 2035 Aet.
1404 1995 1471 2043 13,
1491 1995 1661 2043 2.-21,

187 2057 269 2097 17..
322 2054 473 2106 Impias
494 2053 598 2092 enim
622 2064 754 2103 nugas
777 2052 932 2102 sibique
955 2051 1170 2103 pestiferas
1199 2051 1366 2090 Paulum
1399 2051 1544 2090 afferre
1571 2065 1661 2090 cre-

188 2114 386 2162 diderunt,
407 2110 630 2162 quiJesuln,
651 2122 762 2160 aquo
785 2109 945 2148 homine
960 2108 1151 2160 majestas
1170 2108 1352 2148 Messiac
1375 2108 1414 2147 in
1428 2108 1474 2148 V.
1489 2108 1542 2149 T.
1564 2121 1662 2159 pro-

189 2170 317 2210 missa
343 2169 533 2216 afuisset,
562 2167 782 2213 Messinm,
820 2180 946 2216 neque
975 2179 1062 2205 enm
1090 2166 1330 2205 Judaeornm
1359 2165 1661 2215 sospitatorem,

187 2229 257 2267 sed
290 2227 411 2266 totius
443 2225 603 2275 generis
624 2223 787 2263 humani
821 2230 1069 2263 servatorem
1099 2223 1226 2262 fuisse
1253 2222 1530 2272 pronuntiaret
1562 2236 1659 2261 con-

186 2290 381 2335 temtaque.
408 2281 710 2322 circumcisione
739 2280 912 2331 aliisque
941 2280 1132 2320 divinitus
1163 2279 1369 2331 imperatis
1403 2279 1661 2319 caerimoniis

187 2341 322 2381 divina
342 2341 434 2391 jura
462 2345 729 2392 perverteret,
769 2338 897 2378 Deum
928 2345 965 2376 ct
985 2338 1131 2377 Mosen
1157 2337 1306 2389 injuria
1337 2336 1509 2376 afficeret
1534 2343 1571 2375 et
1591 2337 1661 2376 Ju-

187 2400 379 2438 daeorum
408 2397 660 2449 privilegium
697 2409 785 2435 cum
819 2395 986 2447 impuris
1025 2394 1241 2444 gentilibus
1281 2394 1590 2434 communicaret
1623 2406 1659 2433 v.

188 2457 278 2496 Act.
298 2455 367 2505 17,
389 2456 456 2495 ll.
497 2455 572 2506 (cl.
594 2469 633 2495 v.
653 2454 715 2506 6.)
749 2453 815 2502 18,
837 2453 878 2493 6.
919 2453 989 2501 21,
1019 2454 1090 2493 21.
1114 2452 1185 2493 28.
1228 2453 1246 2491 l
1269 2452 1418 2493 Thess.
1440 2452 1480 2501 2,
1500 2450 1567 2491 16.
1605 2451 1657 2489 cl.

189 2512 308 2564 epist.
339 2513 389 2551 ad
420 2512 559 2560 Rom.,
597 2511 715 2561 Gal„
755 2509 934 2561 Philipp.
965 2517 1001 2548 et
1031 2508 1210 2549 Coloss..
1271 2509 1406 2557 Quare
1434 2506 1658 2547 maledictis

191 2569 370 2611 insectati
397 2575 488 2608 sunt
515 2569 694 2620 omnique
724 2567 963 2620 injuriarum
994 2580 1138 2617 genere
1160 2573 1358 2605 vexarunt
1388 2565 1551 2614 impium
1581 2563 1660 2604 div.

185 2627 292 2680 juris
320 2625 562 2666 turbatorem
588 2626 677 2668 Aet.
707 2625 774 2674 13,
804 2623 875 2667 45.
903 2624 971 2665 50.
1006 2624 1073 2675 14,
1096 2623 1164 2664 19.
1198 2624 1265 2673 17,
1285 2624 1324 2665 5.
1345 2636 1406 2673 sq.
1439 2621 1505 2662 13.
1529 2622 1598 2671 18,
1618 2621 1658 2660 6.

190 2685 259 2736 19,
279 2684 320 2724 9.
346 2686 372 2724 2
392 2683 484 2724 Cor.
508 2684 575 2731 11,
591 2683 662 2723 24.
693 2683 714 2722 1
730 2682 881 2723 Thess.
895 2682 1033 2730 2,15..
1091 2682 1151 2721 No
1171 2681 1293 2732 igitur
1313 2679 1523 2728 miremur,
1555 2681 1658 2729 quod

190 2741 233 2784 Ρ.
253 2741 448 2794 gentiles,
480 2739 545 2791 qui
565 2746 601 2778 et
618 2740 741 2779 multo
764 2753 806 2779 se
828 2739 1068 2788 benignius,
1099 2751 1215 2789 quam
1235 2736 1374 2777 sudaei
1408 2734 1662 2788 excepissent

191 2807 227 2839 et
247 2800 378 2841 minus
399 2797 660 2851 praejudicati
692 2797 740 2837 ad
764 2809 805 2835 se
827 2796 1080 2847 attulissent,
1111 2794 1310 2847 singulari
1338 2795 1507 2845 quodam
1529 2794 1660 2833 studio
