1752 3347
224 229 285 273 84
511 223 890 269 EPISTOLA
928 222 1026 265 AD
1059 219 1423 264 ROMANOS

230 338 418 378 mentum
438 335 498 376 sit
516 332 635 375 vocis
665 328 878 386 πορνείας
916 329 974 372 cf.
1008 342 1050 372 v.
1078 327 1152 371 24.
1183 326 1297 384 Eph.
1327 326 1425 379 5‚3.
1451 329 1481 370 2
1510 327 1615 371 Cor.
1639 326 1709 374 12,

226 394 338 448 21.).
394 389 553 446 Itaque
575 386 763 444 πορνεία
785 385 997 444 expunxi.
1056 385 1262 429 Ceterum
1283 384 1328 425 in
1347 397 1389 427 v,
1415 385 1566 427 ordine
1595 385 1709 426 nihil

229 463 388 493 novare
420 461 554 489 ausus
584 460 704 497 suni,
752 459 883 500 quum
913 443 958 484 in
987 443 1155 484 summa
1183 442 1401 484 librorum
1432 440 1708 483 dissensione

228 507 457 557 deessent,
489 503 562 559 qui
583 516 762 543 numero
786 515 865 542 suo
887 515 935 542 ac
956 499 1149 558 pondere
1173 504 1247 540 aut
1267 513 1415 540 verum
1443 503 1519 539 aut
1550 500 1706 540 saltem

227 562 456 622 probabile
497 559 758 602 indicarent.
837 558 1002 600 Fateor
1039 562 1211 611 tamen,
1249 556 1483 598 verborum
1515 554 1708 597 ordinem

227 627 317 663 tum
349 619 423 674 qui
453 618 498 659 in
527 617 616 667 A„
656 622 750 658 tum
783 615 856 672 qui
887 615 933 656 in
963 615 1014 658 C.
1047 614 1219 658 obtinet
1250 614 1327 669 (cs.
1363 614 1521 670 supra)
1551 612 1709 654 melius

227 677 332 719 mihi
350 676 524 733 placere
543 675 738 728 vulgato.
797 670 1011 729 πονηρίᾳ]
1043 672 1179 714 (azimi
1195 671 1438 726 prat-itate,
1470 670 1710 725 &dnccbtigz

226 735 313 778 Peit,
392 728 649 787 πλεονεξίᾳ]
691 744 836 773 amore
864 729 1071 783 habendi,
1110 729 1326 780 ‹ez-aritio,
1365 742 1476 784 quae
1505 726 1561 768 ad
1593 725 1709 825 ingu-

228 790 338 834 riam
378 788 512 831 alteri
550 786 794 829 faciendam
835 801 1079 843 manusque
1110 785 1269 827 alienis
1300 784 1428 827 bonis
1459 785 1622 827 affer-en
1659 798 1710 825 as

226 846 433 905 proclivis
458 860 559 888 esse
588 845 717 888 solet.
777 843 927 900 κακίᾳ]
958 844 1157 896 malitia,
1196 844 1382 898 ffiesbcit.
1413 868 1462 874 -
1526 840 1711 897 Κακοή-

225 907 334 946 &aa
353 907 423 945 est
441 902 592 960 fallax
610 906 652 943 et
670 901 892 944 malitiosa
916 903 1130 953 versutia,
1160 901 1332 954 ῐὶιςέίῖῴε
1355 901 1707 954 ἓΒεῑ-ἷῴίαςεηῦεἰτ.

230 961 291 1005 V.
315 960 387 1004 30.
435 955 713 1015 Ψιθυρισταί
741 959 934 1014 (veteres
955 958 1101 1000 Attici
1132 954 1331 1013 ψιθυροί.
1361 955 1508 999 dicere
1542 957 1708 997 malue-

225 1021 351 1061 runt:
385 1016 442 1061 cf.
465 1016 677 1059 Thomam
699 1015 821 1070 Mag.
850 1019 893 1057 et
919 1015 982 1056 ihi
1007 1014 1221 1067 Oudend.)
1251 1017 1354 1054 sunt
1384 1027 1637 1056 susurrones
1663 1012 1708 1055 h.

224 1091 263 1119 e.
283 1073 550 1116 clandestini
569 1071 817 1125 delatores,
848 1073 923 1129 qui
946 1077 995 1114 ut
1016 1072 1158 1114 inviso
1185 1070 1350 1113 homini
1374 1075 1562 1112 noceant
1594 1083 1707 1126 quae

225 1132 265 1174 ei
285 1131 447 1189 probro
466 1131 555 1172 sint
575 1129 758 1171 crimina
777 1134 984 1184 tanquam
1008 1129 1052 1170 in
1072 1143 1222 1170 aurem
1245 1127 1378 1169 alicui
1410 1128 1709 1169 insusurrant.

225 1189 389 1233 Contra
408 1186 654 1230 καταλάλοι
676 1201 826 1228 omnes
850 1186 882 1227 ii
903 1190 1139 1237 vocantur,
1174 1184 1248 1242 qui
1282 1198 1396 1240 quae
1423 1183 1612 1243 alicujus
1642 1185 1708 1225 sa-

225 1260 319 1289 mae
341 1245 488 1289 obsint
509 1248 716 1297 narrant,
757 1242 1036 1285 sermonibus
1061 1243 1312 1294 celebrant,
1353 1240 1585 1297 divulgant
1617 1254 1709 1282 ma-

222 1305 354 1360 loque
378 1316 556 1344 rumore
578 1301 771 1357 aliquem
801 1299 1012 1342 differunt
1042 1301 1124 1353 (bic
1155 1301 1374 1357 icmanbcm
1395 1300 1525 1354 ἓὸὑῖεέ
1556 1301 1710 1352 naehta:

221 1364 340 1417 gen),
380 1361 471 1402 sive
491 1357 536 1400 id
556 1358 671 1399 malo
695 1358 839 1399 animo
871 1357 1059 1411 faciant,
1096 1362 1146 1399 ut
1175 1362 1384 1410 noceant,
1422 1358 1516 1398 sive
1541 1360 1710 1398 temere

222 1431 365 1473 neque
388 1418 474 1458 nisi
503 1414 731 1469 garriendi
755 1413 939 1457 libidine
968 1414 1160 1472 abrepti.
1222 1412 1487 1472 Cujusmodi
1519 1418 1707 1469 nugato-

219 1487 294 1516 res
318 1477 524 1530 quantam
543 1476 711 1529 pestem
735 1472 870 1514 inscii
898 1476 1032 1528 atque
1059 1471 1187 1514 inviti
1220 1473 1322 1516 aliis
1351 1472 1591 1529 importent
1620 1469 1708 1511 dici

216 1530 295 1573 vix
336 1535 486 1588 potest
521 1529 891 1586 vehementerque
932 1534 1114 1586 peccant
1141 1530 1319 1583 linguae
1347 1527 1710 1586 intemperantia,

217 1589 471 1630 temeritate
503 1600 773 1642 suorumque
803 1586 1015 1628 vitiorum
1042 1585 1281 1630 oblivione.
1351 1585 1440 1640 Qui
1470 1591 1708 1640 utrumque

218 1658 313 1688 voc.
344 1646 409 1687 ita
435 1643 766 1694 discriminant,
818 1647 868 1684 ut
899 1638 1182 1697 ψιθυριστάς
1211 1643 1602 1686 clandestinos
1633 1656 1706 1683 ca-

221 1702 526 1752 lumniatores,
570 1695 849 1749 καταλάλους
886 1699 1245 1752 calumniatores,
1299 1701 1371 1756 qui
1410 1699 1705 1755 propalam

218 1759 502 1800 criminentur
531 1756 754 1813 explicent
784 1759 845 1811 (v.
879 1770 917 1799 c.
947 1754 1202 1809 Theophest„
1240 1756 1408 1811 Benq„
1447 1755 1608 1810 Flatt.)
1633 1769 1705 1796 ar-

218 1813 435 1856 ctioribus
455 1827 583 1869 quam
608 1828 688 1870 par
709 1817 777 1855 est
799 1813 1018 1855 limitibus
1039 1826 1132 1855 voc.
1154 1812 1403 1862 καταλάλος
1425 1813 1705 1854 circumseri-

217 1871 351 1925 bunt‚
382 1885 515 1927 quum
537 1869 582 1912 id
600 1885 694 1914 voe.
717 1870 1072 1913 calumniatorem
1102 1869 1285 1911 nocendi
1312 1869 1517 1927 cupidum
1550 1870 1631 1911 sua
1661 1871 1705 1912 vi

218 1943 304 1971 non
325 1928 537 1970 declaret.
601 1927 856 1970 Theodorete·
878 1932 1022 1969 autem
1051 1925 1305 1971 distinctio:
1340 1925 1623 1984 ψιθυριστὰς
1653 1926 1703 1969 δὲ

219 1989 364 2044 [καλεῖ
387 1985 410 2031 ὃ
429 1987 631 2042 Παῦλος]
650 1986 755 2038 τοὺς
773 2003 843 2042 πρ
856 1987 878 2030 ὁ
891 2002 913 2038 ς
929 1985 989 2030 τὸ
1009 2002 1032 2029 ο
1047 1981 1071 2029 ὗ
1084 2003 1105 2038 ς
1127 1988 1467 2044 διαλεγομένους
1487 1988 1561 2029 καὶ
1575 2005 1702 2048 παρ-

218 2050 364 2107 όντας
402 2051 541 2105 τινὰς
586 2054 765 2103 κακῶς
810 2048 1222 2110 ἅγορεύοντας,
1284 2054 1563 2106 καταλάλους
1600 2051 1705 2103 τοὺς

218 2121 526 2176 διαβολαῖς
551 2115 676 2166 κατὰ
707 2120 810 2163 τῶν
842 2114 1075 2164 ἀπόντων
1109 2117 1285 2171 ἀδεῶς
1304 2120 1702 2179 κεχρημένους.

216 2187 376 2239 arguta
395 2187 465 2225 est
482 2188 527 2226 et
553 2183 608 2226 ab
640 2182 899 2253 interpretis
931 2181 1118 2224 arbitrio
1148 2183 1364 2240 profecta.
1422 2185 1701 2239 θεοστυγεῖς]

216 2239 398 2283 διιὶἅαετ
443 2236 708 2297 Θεομισής.
751 2238 841 2281 υπὸ
873 2240 986 2281 θεοῦ
1012 2237 1394 2292 μισούμενος·
1457 2239 1702 2294 Θεομίσης

218 2296 267 2339 δὲ
288 2293 313 2339 ὃ
330 2312 362 2349 μ
376 2297 509 2339 ισῶν
530 2296 636 2347 τοὺς
653 2294 805 2347 θεούς.
865 2295 1015 2340 Schol.
1039 2296 1095 2339 ad
1116 2297 1355 2355 Aristoph.
1376 2298 1466 2341 ΑΥ.
1499 2312 1539 2340 v.
1573 2298 1700 2341 1555.

217 2352 394 2409 (1547.)
439 2355 681 2396 ΘΕΟῙΙΙΙΣ
729 2355 766 2393 Σ
783 2354 968 2409 ΕΦΥΣ]
997 2349 1117 2407 ὁμέν
1136 2369 1248 2410 φησι
1269 2357 1330 2410 τῷ
1341 2357 1585 2411 Προμηθεῖ
1604 2350 1700 2396 ἴσον

218 2431 263 2458 τι
281 2411 452 2473 τῷῧπό
480 2420 599 2461 θεῶν
623 2416 989 2470 μισούμενος,
1030 2412 1108 2460 διὸ
1137 2417 1230 2458 καὶ
1263 2414 1542 2468 ὀξυτόνως
1576 2414 1696 2461 ἀνα-

220 2475 492 2538 γνωστέον·
535 2483 661 2536 (ergo
697 2477 992 2536 conjecturam
1036 2476 1254 2536 quandam
1293 2492 1418 2521 suam
1456 2480 1697 2522 scholiasta

220 2540 410 2596 profert)
430 2540 453 2583 ὃ
475 2541 523 2583 δὲ
542 2540 592 2581 τὸ
613 2537 764 2592 ἕτερον
785 2536 954 2589 δέχεται
972 2570 979 2580 .
1012 2555 1040 2591 μ
1057 2555 1071 2580 ι
1085 2538 1158 2580 σιῦ
1172 2554 1191 2577 ν
1211 2540 1245 2578 θ
1259 2553 1278 2579 ε
1293 2552 1316 2577 ο
1332 2534 1402 2587 ιῗς,
1433 2533 1528 2589 ‹fs-35
1548 2539 1697 2590 Τίμων

220 2593 501 2651 ἀνθρώπους.
564 2596 652 2649 Qui
685 2597 728 2637 in
758 2595 1083 2652 Aristophanis
1114 2596 1476 2652 interpretatione
1506 2598 1696 2639 fallitur.

222 2651 368 2708 Quum
407 2656 521 2696 enim
563 2653 754 2696 dixisset
789 2651 1099 2696 Prometheus:
1146 2653 1266 2702 μισῶ
1294 2649 1341 2694 δ’
1369 2651 1567 2703 ἅπαντας
1593 2652 1697 2703 τοὺς

221 2708 379 2759 θεοὺς,
410 2706 469 2760 ὡς
490 2706 626 2753 οἶσθά
647 2724 721 2752 συ.
752 2709 892 2753 facete
915 2710 1150 2768 respondet
1174 2707 1503 2753 Pisthetaerus:
1540 2709 1589 2766 νὴ
1620 2709 1694 2751 τὸν

222 2763 300 2807 Δί’
322 2762 392 2808 ἀεὶ
413 2767 524 2822 δῆτα
542 2771 710 2818 θεομι
727 2767 788 2822 ot)
802 2782 823 2816 ς
840 2764 972 2822 ἔφυς.
1004 2783 1108 2809 sane
1126 2773 1171 2809 tu
1185 2801 1196 2816 ,
1217 2781 1297 2822 per
1316 2768 1472 2819 Jorem,
1504 2768 1692 2809 Deorum

220 2837 315 2865 osor
334 2824 560 2866 entitas-ri.
619 2822 749 2877 Quod
777 2823 1065 2866 Promotheus
1091 2825 1159 2865 his
1181 2840 1218 2867 v.
1248 2824 1499 2865 confirmat:
1544 2823 1693 2877 'l't'luwv

223 2875 444 2934 καθαρός.
473 2894 564 2921 sum
586 2894 717 2932 potrus
745 2885 875 2933 putus
900 2881 1075 2928 Timon,
1105 2882 1181 2936 qui
1213 2879 1327 2935 quod
1349 2879 1508 2921 Timon
1542 2882 1582 2922 in
1617 2882 1693 2922 ho-
