1752 3347
466 207 626 254 GAP.
657 207 718 254 V.
756 207 852 254 Vs.
879 207 1057 253 G.·-9..
1407 199 1495 245 265

11 314 163 370 -·cdo.,
183 328 295 383 qnos
314 314 643 359 eLectionariis
654 315 914 374 depravatos
925 329 1022 358 esse
1033 313 1162 356 facile
1181 310 1399 362 credere&
1418 307 1497 352 sed

42 373 348 430 antiquissima
361 372 558 415 subsidia
569 376 639 428 (ut
652 374 714 417 A.
728 373 780 417 B.
794 373 844 417 C.
856 373 930 415 D*
941 372 1043 429 Syr.
1056 370 1138 427 lt.)
1153 367 1220 413 ἔτι
1240 374 1342 427 post
1361 363 1499 408 oio-‘Je-

15 457 20 459 >
41 431 194 472 navita
208 429 432 482 exhibent,
452 436 501 471 ut
513 431 650 489 major
661 445 808 472 eorum
830 445 934 487 pars
987 444 1035 470 ro
1056 425 1120 470 ἔτι
1140 424 1221 482 γάρ
1243 427 1354 468 alias
1371 436 1500 491 voces

41 486 329 537 substituant,
346 491 436 527 tum
454 486 630 539 idcireo,
652 501 664 527 c
683 488 750 527 uia
766 488 803 528 si
817 502 910 528 cum
924 445 1125 540 ngppio
1136 484 1292 526 seceris
1304 483 1501 535 Χριστος

22 542 503 600 ·ineptol.collocatum
516 550 600 586 est.
632 502 789 598 lxioque
810 544 924 584 enim
943 541 1186 583 sententiae
1203 543 1269 582 vis
1287 540 1329 580 in
1346 552 1396 579 eo
1417 541 1501 589 est,

44 598 160 656 quod
170 598 363 642 Christus
379 612 509 652 quum
521 598 661 639 adhuc
675 598 1043 640 essemusinlirmi
1059 612 1138 653 pro
1158 597 1303 653 impiis
1318 599 1501 635 mortem

43 653 320 704 occubuerit,
358 652 435 694 sed
465 654 509 694 in
541 654 648 707 hoc,
687 654 802 709 quod
829 669 956 711 (snum
984 655 1050 695 ml
1062 655 1160 695 leue
1187 666 1374 694 essemus
1401 652 1501 692 im-

45 710 272 754 becilles
301 708 506 752 Christus
534 724 612 765 pro
640 711 825 765 impiis
864 716 1045 752 mortem
1076 709 1240 752 adierit
1275 711 1338 765 (V.
1359 721 1398 750 v.
1417 706 1502 761 8.).

22 766 174 810 -Hunc
208 765 347 822 igitur
382 779 424 810 v.
454 765 650 809 ordinem
674 767 777 826 jure
805 772 1110 825 exspectaras:
1160 763 1227 808 ἔτι
1255 763 1336 820 γὰρ
1365 757 1504 805 ὅντων

17 818 166 880 ἡμῶν
191 818 392 864 ἀσθενῶν
420 820 618 880 Χριστός
646 840 684 864 κ.
706 840 743 865 κ.
777 821 817 865 ὓ.
843 819 884 864 ἀ.
913 818 1129 865 ἀπέθανε.
1196 822 1346 878 Quare
1385 817 1505 862 haud

17 880 160 933 zueio,
190 893 246 920 an
275 879 344 921 hic
376 879 409 923 l.
439 879 691 935 conjectura
723 878 944 921 sanandus
973 879 1047 922 sit.
1107 878 1239 922 Certe
1269 879 1310 920 si
1334 877 1425 919 leni
1454 890 1504 918 ac

76 950 183 980 aene
211 936 332 978 nulla
359 936 492 978 unius
519 950 561 980 v.
591 937 833 979 mutatione
863 933 930 979 ἔτι
957 936 1103 990 (ΕΤΙ)
1134 936 1179 976 in
1209 931 1236 992 ἢ
1266 934 1310 977 τί
1330 937 1403 988 (Η
1422 935 1505 988 TI)

21 950 330 1046 ‘Histraxeris,
350 998 400 1035 ut
410 992 460 1037 Ρ.
473 993 727 1051 scripserit:
758 989 785 1051 ’ἢ
809 990 865 1034 τί
891 990 990 1049 γὰρ
1013 990 1211 1047 Χριστὸς
1229 987 1366 1035 ὄντων
1386 985 1508 1047 ἡμῶν

20 1047 246 1094 -ἇσθενῶν
275 1050 354 1093 ἔτι
383 1048 495 1092 κατὰ
514 1050 668 1107 καιρὸν
686 1047 801 1107 ὑπὲρ
826 1047 996 1103 ἀσεβῶν
1015 1046 1241 1101 &ng-ems,-
1271 1054 1316 1091 et
1331 1054 1509 1090 senten-

20 1107 154 1150 ·tiam
178 1106 376 1149 erexeris
404 1111 496 1149 tum
522 1121 626 1150 voce
647 1105 847 1162 Χριστός
876 1121 956 1148 suo
986 1105 1019 1150 l.
1049 1106 1195 1163 posita
1227 1109 1320 1148 tum
1357 1104 1509 1147 verbis

47 1159 161 1206 κατοέ
186 1162 340 1219 καιρόν
367 1163 478 1205 nulli
505 1163 735 1206 offensioni
761 1163 948 1217 suturis,
998 1177 1110 1219 quae
1147 1164 1383 1218 languent,
1420 1160 1510 1204 nisi

46 1220 112 1264 ἔτι
129 1218 240 1261 κατὰ
261 1216 417 1277 καιρόν
435 1221 687 1279 reposueris
717 1226 762 1262 et
787 1224 907 1262 arcto
934 1219 1110 1263 vinculo
1137 1220 1367 1275 colligaris
1398 1217 1510 1274 (for-

32 1281 229 1319 ttunatae
261 1276 376 1319 vitae
404 1291 506 1334 spes
529 1292 607 1319 nos
635 1292 720 1319 non
752 1275 956 1319 destituit
986 1276 1040 1318 ob
1067 1292 1279 1319 summum
1299 1275 1513 1329 Deierga

49 1348 131 1376 nos
161 1347 377 1386 amorem,
426 1334 550 1393 cujus
578 1335 737 1391 pignus
768 1338 836 1376 est
862 1333 1049 1391 spiritus
1090 1335 1150 1389 [v.
1170 1333 1233 1390 5.]
1265 1339 1362 1376 aut
1393 1333 1513 1387 [scil.

49 1391 92 1433 si
109 1390 231 1432 illam
254 1404 374 1447 spem
397 1391 599 1433 fallacem
632 1392 796 1445 lingere
820 1390 944 1432 lubet
971 1405 1013 1433 v.
1034 1390 1096 1446 5.]
1129 1405 1205 1433 cur
1232 1391 1371 1432 enim
1402 1390 1450 1444 [i.
1473 1404 1514 1434 e.

31 1448 102 1489 vut
133 1448 394 1489 sententiam
427 1462 467 1491 v.
486 1447 528 1492 5.
558 1448 756 1504 probem]
789 1446 978 1490 Christus
1007 1460 1136 1498 queem
1163 1461 1347 1488 essemus
1376 1447 1517 1489 adhuc

50 1508 143 1547 tum
160 1501 322 1557 infirmi
337 1518 417 1558 pro
443 1504 590 1559 impiis
618 1509 797 1547 moriem
824 1500 1053 1558 ορρείὶἱίἳ)
1084 1507 1129 1544 et
1157 1503 1422 1545 variantium
1449 1503 1515 1545 le-

50 1559 244 1602 ctionum
263 1560 427 1601 fontem
451 1561 697 1617 aperueris.
754 1558 869 1622 Nan)
898 1557 981 1608 εἰς
1006 1557 1059 1600 τί
1085 1558 1167 1615 γὰρ
1190 1574 1270 1611 -;
1297 1560 1515 1614 genuinae

50 1615 255 1659 lectionis
283 1611 313 1671 ἢ
341 1615 385 1657 τί
404 1613 487 1672 γάρ
506 1632 590 1669 —3
618 1620 688 1658 est
717 1615 1178 1670 interpretamentum,
1207 1615 1389 1658 eandem
1417 1631 1516 1658 cum

31 1673 134 1716 villa
157 1673 579 1728 argumentationem
607 1672 797 1715 afferens
826 1674 887 1728 (v.
910 1672 1082 1728 supra).
1142 1670 1232 1714 Sed
1252 1686 1395 1728 *quum
1425 1668 1518 1729 ἢτί

52 1727 139 1787 γὰρ
160 1745 238 1782 --;
276 1729 321 1771 in
351 1730 433 1772 ἔτι
461 1729 545 1788 γὰρ
574 1735 829 1787 corruptum
857 1738 1000 1781 esset,
1045 1727 1248 1783 librarii,
1293 1743 1425 1785 quum
1454 1730 1517 1772 ἔτι

36 1791 243 1843 -utroque
276 1786 311 1830 l.
340 1787 526 1829 tolerari
561 1802 648 1830 non
687 1800 818 1843 posse
858 1784 1094 1837 vidissent,
1141 1791 1219 1828 aut
1246 1785 1519 1829 induxerunt

38 1842 118 1886 {⁴1:12
155 1846 259 1901 post
296 1841 518 1898 ἀσθενῶν,
565 1850 642 1886 aut
680 1844 759 1886 ἔτι
788 1839 870 1899 γάρ
913 1845 1137 1883 mutarunt
1166 1843 1211 1884 in
1244 1834 1357 1898 εἷ’ᾦε
1394 1847 1440 1885 et
1469 1842 1519 1887 εἰ

53 1899 138 1956 γάρ
167 1901 230 1956 (v.
253 1901 362 1954 le.).
418 1899 535 1942 Nam
556 1900 597 1944 εἰ
631 1899 691 1943 δέ
720 1914 775 1941 ex
804 1896 845 1940 εὶ
870 1896 970 1953 γάρ
999 1899 1185 1940 fortuitu
1214 1905 1361 1941 natum
1395 1899 1518 1942 vide-

1 1982 6 1986 >
56 1960 154 2009 tur,
194 1970 327 2013 quum
359 1952 442 2011 γάρ
473 1962 517 1998 et
549 1955 599 1999 δέ
624 1955 795 1997 scribae
822 1953 1085 1996 confundere
1114 1956 1301 1999 soleant.
1358 1955 1447 1998 Sed
1478 1957 1522 2000 si

45 2013 159 2069 quis
198 2017 344 2053 tamen
376 2026 472 2053 cum
504 2012 708 2067 Knappc'o
751 2011 916 2054 sentire
942 2011 1172 2064 maluerit,
1213 2025 1311 2053 eum
1351 2026 1447 2054 cum
1474 2014 1521 2056 vi

43 2067 315 2126 *praeposito
351 2081 392 2111 v,
423 2065 623 2123 Χριστός
659 2068 738 2110 hoc
777 2066 949 2124 pondus
989 2067 1151 2109 addere
1187 2072 1382 2125 oportet:
1420 2083 1521 2112 nam

59 2124 250 2169 christus
268 2124 465 2179 (generis
489 2125 666 2166 humani
686 2139 759 2167 sos
795 2125 929 2166 itator
943 2128 1218 2181 peramanter
1244 2139 1266 2165 a
1288 2125 1387 2168 Deo
1419 2140 1525 2182 pro-

58 2185 163 2240 pter
183 2181 380 2222 homines
404 2180 459 2223 ad
479 2182 743 2240 supplicium
761 2140 891 2224 gatus
913 2195 954 2225 v.
972 2181 1016 2224 8.
1036 2182 1085 2234 8,
1103 2182 1197 2237 32.)
1228 2197 1357 2238 quum
1381 2183 1523 2227 adhue

46 2237 303 2282 imbecilles
335 2252 531 2280 essemus
557 2264 613 2270 -—
641 2252 722 2296 pro
751 2239 899 2294 impiis
932 2242 1128 2280 mortuus
1160 2243 1245 2281 est.
1304 2236 1524 2340 ἀσθενῶνᾶ

61 2293 257 2350 ἀσθενής
293 2308 513 2351 nunquam
540 2309 626 2337 non
654 2295 927 2348 imbecillem,
976 2293 1194 2348 infirmum
1226 2299 1366 2339 notat.
1433 2296 1490 2340 Se

62 2355 191 2410 potes
217 2347 408 2406 ἀσθενής
427 2367 524 2395 esse
547 2351 598 2395 τὸ
617 2352 743 2403 σῶμα
761 2352 813 2407 (i.
834 2366 873 2394 e.
891 2356 968 2393 aut
987 2352 1156 2393 viribus
1176 2366 1330 2409 parum
1355 2353 1524 2408 valens,

65 2411 142 2450 aut
169 2410 422 2462 aegrotus),
467 2409 530 2463 τῷ
561 2405 647 2464 νόῳ
676 2408 896 2463 (tardus),
935 2410 1028 2457 τοῖς
1052 2405 1271 2464 χρήμασιν
1308 2409 1449 2465 (inops
1478 2425 1521 2456 v.

65 2464 300 2508 Demosth.
330 2464 426 2508 adv.
457 2464 567 2508 Mid.
596 2480 638 2523 p.
658 2464 758 2508 555.
791 2464 859 2508 ed.
887 2464 1078 2520 Rei-ela),
1114 2466 1168 2520 τῇ
1196 2462 1346 2507 πίστει
1370 2465 1521 2521 (Rom.

67 2522 138 2574 14,
163 2523 225 2577 1.)
254 2526 297 2562 et
324 2522 474 2564 multis
500 2522 602 2564 aliis
630 2522 779 2567 rebus.
836 2521 1033 2577 Quarum
1061 2536 1171 2576 quae
1201 2536 1372 2578 quoque
1400 2524 1432 2566 l.
1453 2523 1522 2566 di-

66 2584 216 2631 catur,
245 2577 314 2619 vel
342 2592 395 2618 ex
427 2578 594 2636 adjecta
623 2593 750 2632 voce,
781 2579 849 2619 vel
878 2593 901 2620 e
928 2577 1206 2619 cohaerentia
1226 2580 1522 2633 cognoscitur.

66 2635 130 2678 H.
149 2635 181 2679 l.
204 2634 435 2676 infirmitas
457 2629 600 2678 r'obori
620 2635 881 2691 opponitur,
913 2634 1027 2690 quod
1060 2634 1216 2676 animis
1242 2636 1406 2679 nostris
1433 2639 1522 2692 spi-

66 2693 177 2736 ritns
196 2706 232 2735 s.
253 2690 423 2733 addidit
440 2694 501 2748 (v,
525 2691 613 2743 5.),
644 2691 718 2745 qui
738 2692 869 2732 sortis
900 2690 994 2747 ipse
1024 2692 1162 2733 sortes
1191 2691 1296 2732 facit
1323 2693 1521 2736 homines

70 2748 226 2791 christ.
267 2748 316 2803 (2
338 2747 456 2791 Tim.
481 2746 530 2801 I,
559 2749 601 2791 7.
634 2748 740 2789 Act.
763 2749 811 2799 1,
840 2747 882 2790 8.
923 2747 1051 2791 Rom.
1074 2747 1151 2801 15,
1181 2748 1249 2791 13.
1274 2750 1380 2804 19.).
1447 2751 1522 2792 Sie

69 2805 210 2860 igitur
234 2804 321 2862 Ap.
346 2806 390 2860 (e
409 2804 602 2859 Κηαρμίἱ
621 2804 824 2858 lectione)
854 2802 1074 2861 disputat:
1102 2819 1185 2847 non
1206 2806 1325 2847 fallit
1351 2821 1430 2847 uos
1458 2808 1522 2847 vi-

71 2865 141 2904 tae
161 2862 312 2905 beatae
330 2875 432 2919 spes
452 2860 507 2904 ob
525 2860 791 2916 singularem
811 2859 898 2903 Dei
918 2875 1021 2917 erga
1050 2875 1130 2904 nos
1159 2876 1374 2916 amorem,
1400 2861 1525 2919 cujus
