1752 3347
617 171 704 215 CA
722 171 772 216 P.
806 172 845 215 Ι.
890 172 979 216 Vs.
1012 174 1109 218 31..
1540 176 1596 218 87

125 281 171 324 et
193 277 396 321 immania
416 277 706 320 credebantur
727 303 798 322 —.
828 284 871 322 ct
892 278 1038 323 Wclst.
1059 278 1113 321 ad
1132 280 1175 323 h.
1198 281 1246 324 1..
1296 279 1354 325 V.
1372 281 1442 324 31.
1478 280 1586 325 Voe.

124 331 361 385 ἀσυνέτους
380 350 512 392 quum
534 349 645 377 unus
670 335 813 391 Syrus
846 340 946 378 ante
977 351 1017 380 ν.
1051 338 1248 392 γονεῦσιν
1272 334 1479 386 ἀπειθεῖς
1524 353 1586 380 ›o—

125 396 201 434 nat
223 406 363 456 neque
394 392 621 445 omittant,
658 393 743 434 nisi
775 393 817 433 in
850 393 1212 450 interpretatione
1239 393 1426 450 Chrys„
1459 394 1494 436 D
1517 400 1585 437 at-

122 447 261 491 thaeio
276 447 424 508 Judice
446 455 528 499 „nt
554 449 821 502 vocabulum,
850 465 945 492 cum
972 451 1122 493 ceteris
1154 456 1474 504 comparatum,
1505 452 1583 493 mi-

120 518 201 547 nus
217 506 381 559 φανῶ*
401 510 445 547 et
467 505 829 559 Ambrosiaster,
867 508 995 563 plane
1023 521 1106 548 non
1140 506 1465 549 sollicitandum
1489 514 1585 548 erat

121 575 146 601 a
179 561 344 614 Flauo,
385 562 512 618 quasi
542 577 564 603 e
593 575 634 603 v·
663 559 932 611 ἀσυνθέτους
960 563 1143 605 fortuitu
1174 568 1337 607 natum.
1417 565 1581 619 Quam-

121 631 247 673 quam
270 616 322 660 P.
344 615 578 665 ἀσυνέτους
598 631 682 657 non
703 617 952 660 additurum
975 621 1115 661 fuisse
1140 621 1358 675 arbitror,
1387 622 1475 664 nisi
1505 635 1582 677 pa-

77 722 81 726 .
118 674 411 716 ronomasiam
433 671 688 720 ἀσυνέτους,
721 670 992 725 ἀσυνθέτους
1012 682 1290 720 consectatus
1314 682 1448 720 esset.
1507 677 1581 720 In-

117 734 339 788 terpretor
361 726 595 777 ἀσυνέτους
617 728 804 770 homines
816 731 1014 783 stolidos,
1048 736 1323 786 temerarios,
1355 735 1583 789 Unoerftc‘m:

118 789 226 843 bigc,
257 786 417 843 quibus
450 789 732 842 opponuntur
762 784 934 828 συνετοί
963 790 1069 830 Act.
1095 789 1232 842 13‚7..
1291 790 1437 846 Quum
1467 793 1581 834 enim

114 843 344 887 temeritas
363 841 420 885 ad
452 843 588 884 multa
619 841 725 883 vitia
759 842 955 884 homines
988 844 1200 901 abripiat,
1233 861 1256 886 a
1289 847 1448 904 quibus
1477 863 1580 906 pru-

114 901 269 945 dentes
289 905 332 943 et
351 899 656 955 circumspecti
674 899 758 941 viri
778 899 864 940 sihi
889 905 1092 952 caveant,
1125 907 1215 942 tum
1240 904 1479 957 gentilibus
1511 919 1581 946 re-

112 965 182 1002 cte
213 957 421 1018 objicitur
449 955 695 1007 stoliditas3
735 956 790 1000 cf.
821 971 862 1000 v.
890 957 979 1001 21..
1049 956 1200 1011 Quare
1227 974 1375 1001 eorum
1405 967 1580 1004 senten·

111 1017 218 1059 tiam
239 1013 447 1084 repudio,
478 1013 554 1070 qui
575 1014 629 1057 cl.
652 1027 693 1056 v,
717 1012 841 1057 hebr.
874 1013 944 1069 '⁷²22
965 1013 1042 1059 Ps.
1067 1013 1135 1067 14,
1151 1016 1191 1057 l.
1225 1021 1267 1058 et
1291 1016 1433 1062 Sirac.
1458 1018 1525 1071 15,
1536 1019 1580 1060 7.

110 1075 155 1117 8.
175 1069 410 1120 ἀσυνετους
431 1071 604 1125 impios,
645 1070 854 1125 improbos
882 1071 1121 1128 explicant.
1191 1071 1323 1127 Quod
1351 1073 1579 1118 Ruecloert.

112 1129 259 1172 nescio
282 1127 408 1187 cujus
431 1129 651 1170 inventum
671 1132 979 1169 commemorat
1002 1143 1093 1172 voc.
1118 1126 1325 1180 ἀσύνετος
1344 1144 1368 1171 a
1402 1146 1442 1174 v.
1474 1145 1577 1172 ow„

111 1185 235 1242 ιἠμι,
276 1184 510 1236 committe,
550 1182 795 1226 derivatum
829 1184 1047 1238 rioeosnm,
1089 1186 1403 1240 implacabilem
1440 1187 1578 1241 sigui-

111 1244 245 1285 ficare
264 1256 418 1302 posse,
449 1239 665 1299 ejusmodi
682 1245 774 1293 est,
805 1248 854 1283 ut
875 1242 946 1283 vix
966 1242 1184 1297 intelligi,
1215 1242 1373 1285 nedum
1397 1243 1578 1301 probari

111 1305 260 1358 queat.
319 1297 434 1340 Nam
461 1299 663 1355 quoniam
696 1295 874 1354 συνίημί
904 1314 1025 1349 τινας
1058 1300 1222 1356 aliquos
1246 1300 1360 1342 ‘inter
1388 1316 1434 1343 sc
1465 1314 1576 1343 com-

110 1358 305 1410 mittere,
344 1361 392 1398 ut
419 1355 630 1399 hostiliter
662 1355 992 1409 conqrediantnr
1018 1354 1221 1408 denotat,
1259 1352 1466 1399 ἀσύνετον
1495 1357 1575 1399 hoc

109 1420 237 1472 pacto
257 1427 376 1465 eum,
406 1413 476 1469 qni
493 1428 538 1454 se
560 1412 769 1455 commisti
789 1425 886 1453 non
902 1413 1102 1463 patiatur
1123 1412 1153 1454 i.
1178 1426 1217 1454 e.
1242 1412 1459 1455 hominem
1476 1414 1574 1468 pla-

107 1471 286 1513 cubilem
325 1469 551 1511 declarare
581 1467 758 1520 credaS,
798 1467 915 1523 quod
946 1483 1168 1524 nunquam
1199 1467 1410 1512 declarat.
1487 1468 1575 1512 Sed

106 1526 246 1580 dixit,
276 1525 454 1583 opinor,
484 1526 606 1566 illius
627 1525 869 1580 sententiae
887 1530 1039 1567 auctor
1062 1523 1262 1576 συνιέμαι
1282 1525 1476 1568 Medium
1494 1541 1573 1581 pa-

105 1583 233 1636 cisci,
263 1587 312 1624 ut
331 1581 434 1624 inde
457 1580 635 1624 ductum
663 1594 705 1623 v.
737 1576 942 1629 ἀσύνετος
972 1585 1090 1624 esset
1118 1582 1189 1637 (siti
1217 1596 1297 1623 non
1324 1583 1574 1637 paciscitur,

104 1640 224 1683 homo
238 1640 435 1692 rixosus,
472 1636 775 1694 implacabilis.
838 1634 980 1691 Quasi
1011 1652 1114 1679 vero
1142 1651 1210 1681 vv.
1241 1637 1418 1687 συνετός
1447 1644 1491 1680 et
1517 1635 1573 1680 ἀ-

105 1692 284 1746 σύνετος
304 1712 328 1738 a
349 1692 575 1749 συνίεμαι,
605 1707 691 1736 non
710 1708 735 1735 a
758 1692 937 1749 συνίημι
955 1693 1224 1737 deriventur.
1282 1689 1570 1749 ἀσυνθέτους]

106 1753 177 1810 qui
194 1753 337 1809 pactis
365 1766 447 1795 reon
475 1756 620 1804 stant,
656 1749 945 1807 foedifragos,
978 1750 1177 1807 pc·1fidos.
1234 1744 1495 1807 ἀστόργους]
1527 1751 1571 1795 h.

105 1823 145 1852 e.
185 1810 240 1852 ab
269 1823 413 1852 amore
438 1822 607 1851 aversos
631 1807 678 1848 in
705 1820 890 1862 genere,
927 1810 1108 1863 Qiebtofe,
1145 1811 1193 1848 ut
1224 1811 1340 1848 recte
1369 1807 1573 1861 Hesych„

103 1865 251 1919 Scaid„
282 1865 513 1921 Theophyl.
535 1865 620 1919 aL,
649 1878 736 1905 non
755 1863 916 1906 ‹unm-is
935 1864 978 1907 in
1003 1878 1146 1916 suos,
1175 1867 1225 1906 ut
1254 1868 1484 1921 parentes,
1514 1864 1571 1905 li-

103 1923 259 1976 beros,
288 1926 498 1977 cognatos
519 1923 670 1978 (quem
693 1920 854 1963 Graeci
876 1920 1063 1977 στοργήν
1090 1920 1367 1977 potissimum
1395 1922 1572 1975 vocant)

103 1984 304 2035 expertes
322 1980 407 2047 §ita
428 1994 469 2024 v.
499 1993 537 2022 c.
555 1977 810 2034 Komaia-9.)-
868 1977 994 2032 Quae
1021 1977 1328 2034 interpretatio
1359 1978 1571 2034 placeret,

103 2037 144 2079 si
163 2050 204 2079 v.
227 2031 468 2092 ἀστόργους
487 2041 590 2094 post
608 2033 806 2090 γονεῦσιν
828 2028 1035 2083 ἀπειθεῖς
1053 2035 1245 2091 positum
1266 2039 1403 2076 esset.
1441 2032 1570 2075 Nunc

102 2092 149 2135 in
169 2092 292 2136 vitiis
314 2106 462 2135 eorum
482 2090 677 2149 propriis
699 2091 958 2132 collocatum
980 2095 1048 2132 est
1072 2090 1170 2148 qui,
1210 2104 1341 2145 quum
1370 2090 1568 2133 homines

103 2163 249 2191 amare
272 2148 484 2192 deberent
499 2150 544 2191 in
566 2162 642 2190 eos
663 2146 808 2189 odium
828 2147 1055 2191 haberent.
1113 2144 1380 2202 ἀσπόνδους]
1412 2147 1567 2202 impla-

104 2206 276 2249 cabiles.
335 2206 427 2249 Cic.
448 2204 504 2247 ad
525 2205 629 2248 Att.
650 2203 826 2257 9,10,5.
847 2229 901 2236 —
923 2203 1261 2261 quod(hellu1n)
1290 2208 1334 2245 et
1364 2217 1505 2245 ασπο
1517 2219 1568 2244 ν-

105 2261 198 2303 δον
227 2263 287 2318 (i.
318 2278 361 2306 e.
385 2261 733 2315 interneciuum)
760 2265 829 2302 est
856 2265 901 2302 et
928 2276 1024 2302 cum
1055 2260 1240 2304 civibus.
1310 2255 1566 2313 ἀστόργους,

104 2313 373 2373 ἀσπόνδους]
413 2320 482 2363 17.
515 2317 768 2375 Theophyl.
804 2314 1076 2366 ἀσπόνδους,
1109 2313 1362 2372 ἀστόργους.
1422 2315 1565 2358 Omit-

103 2376 203 2415 tunt
234 2369 481 2424 ἀσπόνδους
508 2376 572 2419 A.
600 2374 654 2419 Β.
693 2374 766 2418 W
806 2372 859 2417 E.
892 2374 948 2417 G.
984 2374 1104 2417 Clar.
1137 2373 1287 2416 Germ.
1321 2371 1482 2415 Boern.
1521 2377 1565 2414 et

102 2430 302 2472 nonnulli
322 2429 505 2484 Patres,
533 2431 682 2474 Millio
709 2429 833 2473 Prol.
859 2432 901 2484 §.
922 2430 1025 2473 447.
1054 2434 1098 2472 et
1120 2429 1287 2473 Griesb.
1316 2433 1436 2471 recte
1464 2443 1565 2486 pro-

77 2491 82 2494 ’
102 2486 324 2530 bantihus.
380 2487 520 2530 Multo
540 2494 609 2530 est
629 2487 744 2529 enim
762 2486 1065 2539 verisimilius,
1088 2486 1298 2527 librarios
1319 2482 1567 2535 ἀσπόνδους
1589 2536 1593 2541 1

103 2558 158 2586 ex
176 2544 204 2585 2
222 2542 340 2585 Tim.
360 2543 403 2596 3,
414 2544 457 2587 3.
476 2548 697 2586 mutuatos
717 2558 839 2596 esse,
872 2558 1022 2600 quam,
1063 2543 1166 2598 quia
1193 2557 1279 2584 non
1303 2542 1358 2584 ah
1389 2557 1475 2585 uno
1500 2543 1564 2583 al-

101 2604 256 2642 terove
273 2597 354 2641 sed
371 2614 394 2640 a
416 2601 560 2642 multis
581 2599 793 2642 subsidiis
812 2600 961 2652 abest,
989 2604 1172 2656 propter
1189 2599 1565 2641 homoeoteleuton

102 2652 347 2713 (ἀστόργΟ
365 2657 466 2705 ΥΣ,
499 2653 731 2697 ἀσπόνδΟ
750 2657 848 2708 ΥΣ)
878 2656 1113 2698 excidisse.
1180 2655 1238 2699 Et
1267 2657 1416 2702 firmat
1442 2656 1565 2697 illam

102 2713 396 2770 suspicionem
429 2712 560 2754 etiam
586 2712 718 2753 lectio
749 2709 1019 2762 ἀσπόνδους,
1058 2708 1310 2768 ἀστόργους.
1388 2711 1563 2769 Quippe

99 2771 130 2812 2
152 2770 272 2813 Tim.
294 2770 336 2822 3,
346 2769 388 2812 3.
408 2783 489 2827 pro
509 2762 719 2824 ἄστοργοι
731 2800 745 2819 ,
775 2763 993 2811 ἄσπονδοι
1017 2768 1132 2826 quod
1150 2770 1380 2825 vulgatur,
1410 2769 1470 2813 D.
1492 2769 1565 2811 37.

101 2828 173 2873 73.
211 2827 270 2871 al.
310 2827 522 2885 praebent
557 2817 800 2875 ἄσπονδοι,
840 2817 1070 2882 ἄστοργοι,
1109 2825 1222 2869 unde
1247 2827 1453 2882 colligas,
1489 2824 1565 2881 qui
