1752 3347
529 176 691 244 CAP.
724 177 785 224 V.
830 177 923 223 Vs.
953 178 1042 226 14..
1435 179 1521 222 321

42 288 186 330 strare
205 284 448 339 voluisset,
477 286 664 329 omnium
694 286 910 329 hominum
928 287 1154 342 fortunam
1173 285 1508 339 qubermeturum

38 348 102 400 (v.
126 346 238 399 21.).
315 344 463 400 Atqui
500 358 586 386 nou
623 342 1131 386 ostendissetAdamus
1164 341 1389 386 Christum
1426 357 1508 400 per

38 400 271 458 ambages,
298 400 384 443 nisi
399 415 530 456 quum
552 402 701 455 generi
721 401 909 442 humano
940 400 1096 443 mortis
1122 405 1276 442 auctor
1303 400 1507 442 exstitis-

37 461 108 500 set
125 458 313 500 omnium
329 456 544 499 hominnm
563 458 790 514 fortunam
809 462 852 498 et
876 458 966 512 ipse
983 458 1186 500 rexisset.
1243 455 1362 499 Hinc
1381 461 1505 501 totus

34 515 68 558 1.
99 514 162 556 sic
191 516 470 569 comparatus
500 518 593 556 est:
636 512 1014 567 Quemadmodum
1036 528 1117 579 per
1133 526 1266 554 unum
1285 513 1504 557 hominem

32 569 299 626 (Adamum)
317 566 551 610 Peccatu'm
569 569 615 610 in
636 568 839 610 muudum
860 569 1014 625 pedem
1036 569 1190 610 intulit
1219 573 1265 610 et
1291 582 1373 625 per
1394 567 1507 612 Pec-

31 631 176 669 catum
204 624 354 677 Mors,
396 629 529 680 atque
559 624 621 666 sic
647 624 700 681 (i.
721 639 759 668 e.
790 625 966 668 Adamo
1005 630 1191 682 propter
1225 626 1504 669 commissum

30 686 254 741 peccatum
275 685 417 724 morte
437 680 615 735 affecto)
645 680 699 723 ad
719 695 869 724 omnes
887 682 1087 723 homines
1111 681 1234 724 Mors
1263 681 1504 740 pertendit,

62 740 136 782 uia
173 752 324 780 omnes
362 742 653 796 peccaverunt
690 737 892 795 (Omnes,
938 739 1140 794 inquam,
1191 744 1503 795 peccaverunt.

28 754 149 839 ivam
185 809 328 852 usque
354 793 411 836 ad
442 795 557 852 legis
588 809 699 840 mos,
730 795 1128 852 proumlgationem
1168 796 1275 851 [quo
1302 801 1503 855 tempore

27 867 113 895 non
133 857 360 912 peccatum
381 866 481 894 esse
501 852 664 910 aliquis
684 852 958 910 suspicetur]
988 851 1268 910 peccabatur.
1324 851 1396 896 Ne
1425 868 1504 896 au-

27 914 116 952 tem
148 909 265 967 qnod
285 908 462 952 Adamo
492 914 676 968 propter
699 914 921 968 patratum
949 908 1122 950 facinus
1156 912 1328 952 mortuo
1350 924 1503 953 omnes

25 966 226 1009 homines
255 966 486 1010 commissa
515 970 692 1025 peccata
720 972 861 1009 morte
886 966 1029 1009 luisse
1055 965 1272 1008 affirmari
1306 966 1502 1021 mireris,

25 1023 107 1065 hoc
126 1028 252 1067 tene:
282 1028 505 1081 peccatum
527 1039 610 1066 non
641 1023 851 1082 imputari
881 1024 999 1066 solet
1030 1023 1084 1064 ab
1108 1021 1258 1081 judice
1286 1023 1386 1078 lege
1413 1038 1503 1067 non

27 1081 142 1133 fixag
180 1086 230 1123 at
254 1081 478 1124 dominam
503 1085 569 1123 est
597 1080 726 1124 Mors
753 1081 1088 1139 [imputaturum
1118 1085 1395 1135 peccatorum
1422 1080 1502 1124 do-

27 1144 275 1180 cumentum
314 1142 359 1180 et
388 1140 546 1196 poena]
584 1138 639 1180 ab
665 1138 835 1180 Adcmzo
864 1153 994 1194 usque
1025 1137 1082 1180 ad
1108 1137 1265 1180 Mosen
1289 1137 1423 1180 etiam
1454 1138 1502 1180 in

28 1208 122 1248 (308,
151 1195 224 1252 qui
243 1208 327 1236 non
346 1195 411 1237 ita
431 1199 523 1238 tecm
541 1199 790 1250 peccassent
804 1228 815 1247 ,
843 1199 891 1236 ‘ut
910 1199 1060 1238 contra
1088 1193 1412 1249 promulyatccm
1439 1194 1501 1236 Ie-

24 1265 122 1306 9em
150 1251 489 1305 committerent,
520 1252 632 1294 sicut
657 1251 826 1308 fecerat
845 1251 1060 1304 Adamas,
1091 1251 1173 1294 dlv.
1199 1251 1397 1293 instituto
1424 1264 1502 1293 no-

25 1307 370 1350 vissimi'sldami
390 1310 656 1351 monstrator
680 1322 807 1365 eoque
837 1308 1082 1350 omnibus
1110 1306 1344 1349 hominibus
1373 1321 1502 1363 queem

25 1369 273 1419 peccassent
290 1365 442 1407 mortis
460 1370 635 1407 auctor:
666 1365 696 1407 i.
716 1379 758 1420 q.
778 1368 824 1405 at
842 1365 1054 1420 imputata
1075 1368 1178 1406 sunt
1196 1363 1398 1405 omnibus
1421 1364 1501 1405 ho-

27 1420 220 1463 minibus
247 1421 320 1477 qu'
348 1425 450 1463 ante
470 1421 627 1463 Mosen
656 1422 851 1463 facinora
881 1420 1126 1463 edidissent
1155 1425 1359 1477 peccata,
1391 1434 1502 1476 quo-

25 1479 142 1519 niam
171 1481 222 1518 ut
247 1480 294 1519 A
328 1491 452 1518 amus
490 1483 762 1534 postremum
790 1477 1014 1519 Adamum
1051 1479 1238 1519 omnium
1277 1476 1500 1518 hominum

0 1551 2 1579 ᾳ
24 1536 246 1577 fortunam
265 1534 556 1575 formaturam
585 1533 800 1575 divinitus
830 1534 1213 1590 praesignificaret
1240 1548 1334 1574 eum
1365 1532 1500 1574 omni-

0 1602 3 1635 ἑ
25 1591 102 1634 bus
122 1590 372 1634 hominibus
389 1590 528 1634 exitio
547 1604 646 1632 esse
672 1591 955 1647 oportebat.).
1013 1589 1156 1631 Deest
1181 1588 1412 1645 apodosi53
1441 1589 1500 1633 cf.

0 1651 4 1707 ¹3
23 1651 164 1691 notat.
184 1647 241 1690 ad
257 1662 299 1691 v.
312 1649 399 1692 12..
457 1646 604 1702 Quum
623 1661 691 1691 vs.
708 1647 774 1690 13.
800 1651 845 1689 et
863 1647 934 1690 14.
961 1645 1272 1703 interpretatio
1297 1660 1321 1686 a
1341 1659 1499 1689 versus

2 1712 4 1714 '
25 1706 97 1748 12.
111 1737 124 1758 ,
153 1703 206 1746 de
229 1718 314 1762 quo
335 1719 546 1746 summam
566 1718 665 1746 esse
685 1704 1005 1761 explicatorum
1031 1701 1353 1744 dissensionem
1384 1700 1498 1744 vidi-

3 1760 5 1762 ’
23 1777 146 1813 muS,
175 1761 455 1816 enarratione
475 1775 688 1819 suspensa
710 1763 794 1814 sit,
822 1761 1090 1818 interpretes
1110 1758 1165 1801 de
1184 1773 1251 1803 vs·
1271 1759 1340 1802 13.
1362 1762 1407 1800 et
1427 1759 1500 1803 14.

23 1822 283 1873 argumento
303 1819 406 1860 aliis
421 1819 510 1861 alia
530 1818 815 1875 peccantibus
834 1817 1159 1860 incredibiliter
1183 1815 1302 1857 inter
1329 1830 1377 1857 se
1405 1814 1500 1857 dis-

24 1875 171 1917 sidere
197 1888 285 1917 non
310 1875 469 1917 mirum
490 1879 572 1918 est.
634 1874 726 1917 Sed
752 1889 884 1931 quum
917 1878 1166 1916 erratorum
1193 1872 1405 1914 refutatio
1440 1885 1498 1913 ex

23 1936 126 1974 ante
146 1930 278 1973 dictis
297 1932 441 1988 repeti
459 1932 603 1988 possit
620 1945 757 1987 pauca
779 1931 1011 1985 stringam.
1056 1929 1220 1983 Chrys„
1253 1927 1500 1983 Theophyl„

25 1990 172 2042 (ἰωὴ,
198 1986 368 2040 Ιιὶητό.,
393 1987 554 2042 Βεηρ.,
583 1987 780 2040 ΒοοΙυη.,
809 1988 1010 2030 Ammon.
1038 1989 1082 2027 et
1100 1984 1228 2027 multi
1255 1984 1334 2026 alii
1365 1998 1499 2041 quum

24 2043 78 2086 de
105 2044 382 2098 singulorum
409 2058 449 2087 v.
477 2044 648 2086 ratione
677 2043 992 2099 nectendisque
1031 2041 1266 2085 sententiis
1301 2039 1374 2084 vix
1403 2040 1500 2081 bini

23 2104 141 2144 inter
168 2115 218 2142 se
254 2100 530 2153 conveniant,
557 2114 706 2142 omnes
733 2105 882 2143 tamen
899 2100 981 2142 hoc
999 2098 1054 2143 P.
1081 2113 1123 2143 V.
1145 2098 1215 2143 13.
1238 2097 1310 2142 14.
1338 2095 1498 2139 docere

25 2158 286 2215 opinantur:
316 2156 433 2214 quod
458 2171 608 2199 omnes
635 2157 859 2211 homines,
892 2157 969 2214 qui
993 2156 1049 2198 ab
1068 2154 1245 2198 Adamo
1273 2168 1414 2211 usque
1441 2152 1498 2194 ad

22 2216 179 2258 Mosen
201 2218 388 2256 aetatem
409 2213 632 2270 egissent,
661 2219 802 2258 morte
828 2215 967 2257 functi
997 2216 1171 2266 essent,
1210 2216 1387 2270 peccata
1419 2224 1498 2252 au-

23 2277 112 2314 tem
141 2271 240 2326 lege
265 2285 352 2313 non
380 2272 658 2329 promulgata
687 2286 772 2314 non
799 2271 1014 2330 imputari
1040 2270 1263 2322 solerent,
1294 2268 1396 2310 hinc
1419 2281 1497 2324 ap-

22 2343 205 2387 parere,
234 2327 337 2370 illos
353 2342 436 2371 non
453 2334 633 2384 propter
655 2344 735 2371 sua
753 2334 934 2384 peccata
961 2331 1159 2370 mortuos
1189 2339 1312 2378 esse,
1342 2323 1417 2366 sed
1448 2323 1498 2366 ob

22 2385 184 2428 Adamz'
200 2383 398 2442 facinus,
429 2384 593 2442 quippe
613 2386 825 2430 mortales
855 2399 882 2427 a
901 2384 1081 2427 mortali
1109 2384 1204 2426 viro
1237 2383 1498 2440 prognatos·

23 2442 200 2486 Nititur
219 2441 327 2483 haec
349 2440 497 2499 opinio
520 2442 635 2485 falsa
651 2457 694 2487 v.
712 2457 754 2487 V.
779 2443 848 2486 12.
883 2438 961 2497 ἐφ’
992 2436 1028 2499 ᾧ
1058 2437 1223 2489 πάντες
1251 2435 1498 2494 ἥμαρτον

25 2499 321 2556 explicatione
365 2502 430 2554 (v.
461 2500 632 2556 supra).
709 2499 836 2557 Quae
882 2513 1015 2555 quum
1061 2497 1334 2552 significent:
1354 2549 1365 2560 .
1392 2492 1497 2550 quia

25 2570 174 2599 omnes
200 2559 380 2610 peccata
410 2556 731 2610 commiserunt,
776 2557 881 2598 illos
912 2554 1178 2597 sententiam
1213 2565 1421 2609 superius
1452 2563 1496 2594 v-

26 2614 95 2656 12.
125 2611 383 2671 propositae
411 2626 595 2669 prorsus
622 2614 891 2656 contrariam
913 2610 1056 2654 Paulo
1087 2608 1324 2651 obtrudere
1354 2620 1495 2649 emer-

27 2663 105 2724 git.
160 2669 320 2725 Neque
341 2668 468 2710 illam
498 2670 921 2724 argumentationem
951 2681 1208 2725 quocunque
1232 2670 1275 2708 te
1302 2663 1494 2707 verteris

28 2741 50 2767 e
77 2739 118 2769 V.
135 2726 277 2768 ‘facile
309 2725 460 2767 elicias
475 2758 487 2777 ‚
529 2727 616 2768 nisi
638 2742 678 2770 V.
702 2727 769 2770 13.
791 2725 1027 2768 membrum
1051 2723 1275 2782 posterius
1297 2717 1496 2774 ἁμαρτία

23 2783 75 2824 δὲ
95 2798 131 2822 κ.
143 2798 182 2827 τ.
196 2783 234 2824 λ.
263 2796 359 2823 cum
386 2782 536 2839 priore
565 2783 667 2837 ἄχρι
694 2782 777 2838 γὰρ
805 2807 859 2816 -—
890 2781 935 2824 ἐν
964 2780 1115 2836 κόσμῳ
1144 2783 1266 2822 arcto
1288 2776 1495 2834 quodam,

30 2837 149 2896 cujus
170 2839 415 2896 particulae
434 2838 514 2893 μέν
533 2865 586 2872 -
608 2839 657 2884 δέ
674 2839 841 2884 indices
860 2853 958 2882 esse
982 2838 1150 2893 solent,
1179 2835 1353 2882 vinculo
1379 2831 1493 2876 male

81 2909 270 2942 Frilzsche
289 2907 358 2955 Ep,
377 2907 421 2943 ad
442 2907 553 2946 Rom.
1050 2894 1097 2938 X
