1752 3347
159 118 245 162 326
441 114 827 160 EPISTOLA
857 115 961 160 AD
989 115 1355 163 ROMANOS

165 223 485 279 gumentationi
503 222 589 266 vim
609 223 830 280 quaesivit
848 224 911 280 (v.
930 237 972 267 v.
994 223 1064 268 19.
1090 223 1162 277 12,
1182 221 1227 268 5.
1258 224 1285 265 1
1304 222 1409 268 Cor.
1430 224 1500 277 lo,
1521 228 1629 281 17.).

167 278 545 333 Quemadmodum
584 279 629 325 h.
652 281 686 325 1.
728 277 773 323 οὶ
807 278 973 324 πολλοί
998 279 1074 322 uni
1101 284 1387 338 opponuntur
1413 281 1492 335 (ef.
1519 282 1632 328 Luc.

165 335 288 380 Tim.
305 336 424 382 c.56.
446 333 490 378 οὶ
511 336 675 380 πολλοὶ
696 328 835 390 οὗτοι,
865 336 1026 394 quibus
1047 335 1322 393 Thrasycles
1344 351 1394 379 se
1412 350 1438 379 o
1472 340 1635 394 ponit.)

165 393 232 435 sie
256 407 282 435 a
301 392 537 438 Demosth.
558 393 642 438 Or.
669 393 723 436 de
751 394 883 436 rebus
906 393 1174 437 Chersonesi
1192 408 1238 451 p.
1255 395 1329 448 90,
1345 394 1390 438 7.
1453 394 1554 436 eisls.
1579 395 1637 437 ab

170 446 309 501 ἐνίοις
344 449 711 507 discriminantur
746 447 790 493 οὶ
822 450 1011 504 πολλοί,
1056 452 1248 509 populus
1274 450 1641 497 Atheniensium.

169 506 369 562 Pelaqius
389 522 521 564 quum
540 509 603 564 τῷ
623 509 705 551 τοῦ
724 503 821 557 ἑνός
836 523 900 549 πα
933 505 1171 562 απτώματι
1185 509 1354 561 multoe,
1383 522 1471 550 non
1485 521 1639 551 omnes

166 563 370 608 homines
396 564 627 608 interiisse
652 564 886 632 perspicue
947 565 1095 607 aulum
1123 564 1196 607 hic
1225 564 1372 608 dicere
1401 565 1640 608 contende-

166 626 261 673 ret,
299 635 443 678 neque
476 621 534 664 ad
553 623 811 665 Articulum
841 622 952 665 satis
978 620 1253 676 attenderat,
1291 637 1434 678 neque
1461 622 1516 664 ad
1544 623 1643 681 Ap.

167 675 515 734 disputationem
531 693 573 724 v.
585 679 655 724 12.
668 680 758 724 18..
817 678 908 721 Sed
922 693 1002 735 per
1020 679 1144 722 maim
1163 685 1386 734 peccatum
1412 675 1455 721 οὶ
1476 678 1643 722 πολλοί

168 737 312 776 morte
330 734 525 778 absumti
545 740 672 790 sunt,
697 736 903 794 quoniam
930 735 1044 778 illud
1069 735 1200 789 fecit,
1233 741 1283 778 ut
1313 736 1470 778 mortis
1497 737 1644 794 poenzi

169 790 313 848 primo
340 793 563 850 peccatori
587 794 788 850 irrogata
816 808 967 836 omnes
995 792 1205 850 deinceps
1230 798 1485 892 pfccatores
1512 793 1645 835 Deus

168 847 381 902 afficeret,
410 865 553 908 neque
572 847 617 894 οἱ
635 848 802 894 πολλοί
820 866 906 893 non
926 856 1175 908 peccarant.
1279 863 1358 890 auc
1378 851 1644 893 sententiam

169 918 212 948 v.
231 906 294 961 τῷ
307 907 388 949 τοῦ
409 904 507 957 ἑνὸς
532 905 891 964 παραπτώματι,
923 922 1002 965 per
1031 921 1079 948 se
1106 920 1213 948 sane
1241 905 1472 962 ambigua,
1501 907 1644 950 conti-

171 975 278 1005 nere
300 977 323 1005 e
343 977 384 1008 v.
408 964 479 1010 12.
499 963 785 1020 intelligitur.
843 962 968 1006 Idem
991 978 1032 1007 v.
1054 965 1122 1006 17.
1147 962 1215 1006 18.
1240 964 1310 1006 19.
1333 962 1472 1020 probe
1490 969 1646 1006 tenen-

170 1018 272 1061 dum
293 1024 378 1064 est.
409 1047 462 1054 —
514 1020 652 1064 Falso
673 1021 878 1064 Reiclzius
893 1020 1064 1074 μᾶλλον
1093 1033 1189 1062 cum
1221 1017 1512 1076 ἑπερίσσευσε
1538 1035 1645 1064 con-

171 1077 332 1130 nectit,
362 1077 544 1120 utillud
565 1079 651 1121 vim
680 1078 806 1121 verbi
832 1079 1090 1132 exaggeret.
1147 1074 1308 1133 Neque
1336 1078 1451 1119 enim
1477 1078 1649 1128 μᾶλλον
1730 1099 1733 1103 ’

170 1147 195 1174 a
230 1133 386 1190 πολλῷ
422 1134 599 1194 sejungi
635 1149 768 1193 posse
796 1134 1029 1178 verborum
1057 1131 1165 1175 ordo
1195 1132 1324 1176 docet
1355 1137 1420 1191 (v.
1445 1135 1516 1178 10.
1537 1136 1650 1187 17.).

170 1187 261 1236 Illo
282 1197 411 1248 pacto
427 1194 521 1250 Ap.
544 1193 760 1236 dixisset:
789 1191 944 1247 πολλῷ
965 1187 989 1246 ἡ
1007 1188 1135 1246 χάρις
1154 1191 1233 1232 τοῦ
1252 1192 1366 1233 θεοῦ
1387 1217 1441 1224 -
1458 1187 1524 1242 εἰς
1543 1190 1650 1243 τοὺς

174 1245 370 1300 πολλοὺς
396 1250 611 1302 μᾶλλον
637 1245 1024 1304 ἐπερίσσευσε
1050 1249 1114 1303 (V.
1136 1245 1398 1301 Phil.l‚23.
1418 1252 1463 1291 et
1480 1253 1573 1292 not.
1592 1248 1650 1291 ad

168 1303 314 1371 ¹Marc.
331 1320 376 1363 p.
394 1306 534 1362 306.).
589 1305 805 1358 Accedit,
835 1303 953 1362 quod
982 1303 1028 1346 in
1047 1305 1308 1360 loquutione
1325 1302 1586 1360 περισσεύει
1603 1321 1652 1348 τι

173 1357 240 1410 εἷς
256 1376 355 1403 τινα
372 1363 661 1418 θοηψανιιτίυἰ
681 1362 803 1405 notio
833 1365 990 1418 (supra
1010 1362 1182 1405 modum
1202 1361 1374 1418 aliquid
1394 1362 1531 1404 alicui
1549 1377 1654 1406 eve-
1730 1399 1740 1408 .

172 1417 260 1472 nit)
288 1417 513 1462 delitescit
541 1435 592 1462 ac
618 1433 813 1462 summus
849 1419 997 1486 potius
1026 1419 1093 1462 rei
1122 1419 1314 1462 ambitus
1338 1425 1484 1462 mente
1505 1421 1652 1463 conci-

206 1475 319 1520 itur:
349 1477 620 1521 abundanter
637 1478 668 1520 i.
691 1492 730 1522 e.
754 1477 995 1533 lmyessime
1012 1475 1186 1531 aliquid
1204 1476 1338 1518 alicui
1356 1476 1565 1532 obtingit.
1591 1500 1653 1510 -

221 1547 323 1575 uum
343 1531 398 1578 P.
430 1534 586 1590 πολλῷ
611 1535 782 1588 μᾶλλον
806 1533 868 1575 τὸ
891 1529 1147 1586 χάρισμα
1172 1534 1252 1575 τοῦ
1284 1534 1400 1576 θεοῦ
1429 1531 1474 1576 ἐν
1497 1531 1655 1589 χάριτι

172 1592 227 1646 τῇ
255 1606 295 1631 κ.
316 1605 355 1634 τ.
375 1591 415 1633 λ.
444 1590 592 1633 dicere
621 1590 867 1648 potuisset,
908 1588 1063 1645 πολλῷ
1103 1588 1274 1643 μᾶλλον
1310 1584 1336 1644 ἦ
1363 1585 1527 1644 χάρις
1550 1590 1654 1632 τοῦ

172 1647 315 1691 θεοῦ
344 1648 439 1689 καὶ
467 1642 492 1703 ἢ
524 1647 702 1702 δωρεὰ
733 1644 778 1689 ἐν
795 1642 946 1700 χάριτι
966 1647 1019 1702 τῖ,
1046 1661 1086 1688 κ.
1106 1661 1144 1687 τ.
1167 1641 1200 1687 ἑ.
1231 1645 1543 1702 (benev-olentia
1563 1647 1654 1690 Dei

170 1711 214 1752 et
239 1718 417 1757 munus,
446 1706 520 1749 bie
550 1705 686 1760 {wib
717 1705 902 1751 &ottess
932 1708 1030 1748 unb
1061 1704 1222 1757 (gabe)
1260 1703 1454 1745 scribere
1484 1705 1658 1757 maluit,

175 1761 312 1808 simul
330 1764 380 1802 ut
398 1765 478 1803 τοῦ
492 1758 789 1815 χαρίσματος,
819 1757 936 1816 quod
955 1764 1076 1802 esset
1107 1759 1192 1804 div.
1219 1760 1531 1802 benevolentiae
1554 1775 1655 1816 spe-

175 1822 337 1871 cimen,
365 1817 452 1859 vim
473 1816 614 1871 magis
633 1817 689 1858 ob
708 1817 858 1858 oculos
882 1820 1082 1872 poneret,
1104 1816 1238 1858 simul
1256 1820 1305 1858 ut
1332 1815 1383 1857 τὸ
1402 1815 1655 1871 παράπτω-

175 1893 240 1934 μα
258 1888 340 1934 pro
359 1874 442 1916 div.
460 1873 767 1928 indignationis
784 1871 905 1929 fonte
924 1879 1212 1914 memoratum
1233 1886 1333 1914 esse
1364 1873 1555 1914 lectores
1586 1874 1656 1916 fa·-

176 1935 310 1978 cilius
328 1929 638 1989 perspicerent
666 1932 728 1984 (v.
748 1929 922 1986 supra).
980 1927 1063 1970 Est
1081 1923 1261 1984 igiturr}
1282 1924 1413 1984 χάρις
1439 1930 1521 1971 τοῦ
1541 1931 1659 1973 θεοῦ

180 1992 270 2037 Dei
297 1986 611 2039 benevolentia,
643 1984 759 2028 unde
778 1984 909 2027 fluxit
937 1979 960 2041 ἡ
982 1985 1127 2040 δωρεά
1160 1986 1259 2041 [τοῦ
1283 1987 1416 2043 θεοῦ]
1430 2017 1442 2036 ,
1472 1985 1565 2029 Dei
1581 1987 1660 2029 ‹10-

176 2064 281 2094 num
307 2045 440 2102 (Luc.
471 2042 592 2086 Tim.
613 2057 652 2087 c.
674 2042 765 2097 12.)
796 2043 842 2084 in
870 2041 1083 2085 attributa
1111 2041 1371 2097 integritate
1396 2043 1586 2101 positum
1613 2058 1660 2090 v.

179 2108 252 2152 17.
265 2138 278 2159 ,
305 2104 391 2147 ἀὶυ.
411 2099 726 2144 benevolentiae
745 2104 1060 2156 orymnentum.
1115 2099 1302 2157 Joseph.
1323 2098 1387 2143 A.
1406 2100 1450 2144 J.
1469 2101 1512 2154 5,
1529 2103 1569 2153 1,
1584 2103 1660 2146 16.

179 2159 405 2219 μαθόντες
433 2155 516 2214 γὰρ
545 2154 594 2198 ἐκ
614 2156 730 2198 θεοῦ
753 2157 998 2212 χάριτος
1030 2158 1123 2200 καὶ
1151 2157 1369 2211 δωρεᾶς
1393 2156 1473 2212 τὴν
1498 2161 1662 2200 Χανα-

179 2219 316 2264 ναίων
333 2214 484 2264 αὐτοῖς
505 2212 583 2270 γῆν
603 2209 860 2268 κτήσασθαι
881 2210 1123 2261 δεδόσθαι,
1153 2209 1333 2262 τούτοις
1356 2229 1403 2256 τε
1426 2214 1525 2256 λίαν
1555 2212 1660 2258 ἔλε-

180 2295 256 2335 γον
283 2275 476 2336 ἥδεσθαι
503 2271 578 2312 καὶ
606 2267 797 2319 πολίτας
827 2265 979 2320 ἀξιοῦν
1007 2267 1152 2312 αὐτῶν
1169 2267 1397 2325 γενέσθαι.
1431 2270 1596 2329 Polyb.
1619 2274 1661 2325 l,

180 2338 232 2379 31
271 2337 315 2380 6.
345 2347 389 2375 v.
412 2328 586 2371 Wetst..
643 2325 933 2377 Aherrarunt
959 2326 1015 2370 ab
1034 2326 1165 2387 hujus
1193 2327 1225 2369 l.
1255 2329 1475 2370 sententie·
1509 2336 1554 2371 et
1582 2331 1661 2386 qui

180 2371 259 2451 vj}
276 2387 405 2449 γάριν
422 2383 587 2442 favoris
615 2384 913 2426 documentum
941 2386 1006 2440 (1,
1024 2384 1090 2438 5.)
1116 2384 1403 2441 interpretati
1434 2391 1540 2429 sunt
1565 2389 1661 2442 (be-

180 2440 377 2507 neficium
391 2441 478 2487 Dei
495 2444 538 2483 et
555 2440 732 2496 donum)
751 2445 797 2482 et
816 2441 894 2496 qui
915 2436 993 2497 vJ‘J
1010 2437 1140 2509 χάρις
1159 2445 1257 2484 πθ.
1279 2443 1353 2484 καὶ
1372 2440 1396 2498 ἡ
1420 2442 1563 2498 δωρεά
1634 2458 1660 2486 ι·

180 2507 229 2554 ’ἑν
252 2507 326 2550 διὰ
346 2501 468 2548 δυοῖν
485 2498 631 2555 posita
650 2502 864 2554 putarunt
881 2499 951 2541 vel
970 2512 1050 2556 pro
1077 2514 1099 2550 ι]
1116 2494 1266 2553 χάριτι
1289 2498 1546 2556 ὁωρηθεῐσα
1596 2515 1661 2542 ω-

185 2564 268 2625 ρεὰ
285 2582 324 2608 τ,
353 2566 401 2605 θ,
432 2557 539 2611 (εἱσι
567 2554 805 2612 qratiosum
824 2555 1006 2608 donum,
1035 2554 1176 2608 Mor„
1202 2554 1363 2610 Kopp„
1394 2556 1556 2600 seleon.
1576 2557 1658 2607 εὼς

185 2618 331 2667 omnia
393 2613 574 2675 opinor,
596 2610 712 2654 dona
734 2612 930 2667 qratiam
958 2613 1109 2665 sunt),
1145 2613 1218 2654 vel
1249 2626 1330 2670 pro
1363 2608 1471 2669 ἡόω
1505 2614 1556 2656 εὰ
1581 2614 1660 2667 τῆς

183 2655 363 2737 reiecto}
389 2669 660 2731 (volum),
705 2669 800 2712 sive
816 2701 826 2719 ‚
866 2673 913 2711 ut
955 2671 1120 2713 rectius
1156 2667 1319 2719 dicam,
1371 2630 1546 2712 voculae
1582 2668 1660 2709 καί

185 2725 432 2797 ἑχριῑωῃάῑ
463 2724 548 2766 vim
575 2723 881 2770 suh'eceruut:
927 2727 1017 2769 Dei
1047 2727 1351 2768 benevolentia
1384 2727 1461 2769 hoc
1485 2730 1547 2768 ese
1568 2725 1658 2769 Dei

187 2796 348 2842 donum
389 2803 452 2856 (v,
481 2780 591 2829 Exc·
618 2781 642 2825 1
693 2815 706 2831 .
726 2782 783 2827 ad
808 2782 1007 2842 matth).
1069 2782 1159 2829 Sed
1188 2799 1274 2829 non
1312 2783 1422 2850 hene
1450 2780 1504 2825 ad
1537 2783 1663 2841 prius
