1752 3347
338 519 1366 616 PROLEGOMENAn

118 661 205 718 IN
241 659 482 718 PAULI
521 657 987 717 EPISTOLAM
1032 664 1140 716 AD
1185 659 1592 717 ROMANOS.

830 841 840 854 .
873 811 913 854 1.

476 897 564 945 DE
597 811 824 946 munt}
858 883 1234 948 APOS'TOLO.

118 1020 287 1075 Paulus
306 1033 454 1085 Tarsi,
492 1036 598 1085 quod
618 1032 787 1074 CilicIae
809 1039 930 1086 caput
957 1040 1068 1086 erat,
1106 1039 1224 1074 natus
1248 1041 1308 1073 est
1335 1034 1444 1086 (Aet.
1463 1035 1504 1085 9,
1525 1036 1595 1077 11.

121 1094 190 1145 21,
211 1092 282 1132 39.
320 1092 391 1143 22,
410 1090 472 1145 3.)
494 1089 588 1145 stez).
660 1091 844 1140 Quonam
874 1104 978 1131 anuo
1008 1092 1050 1131 in
1078 1090 1207 1130 lucem
1236 1091 1367 1131 editus
1398 1092 1448 1130 sit
1474 1091 1596 1142 plane

122 1149 337 1190 nest-imus.
396 1149 650 1199 Quamquam
671 1162 758 1189 cum
778 1163 860 1188 uon
884 1149 1009 1189 multo
1023 1179 1036 1200 ,
1064 1149 1156 1190 h.e.
1173 1148 1247 1189 vix
1269 1149 1443 1200 quinque
1461 1149 1595 1200 annis,

168 1286 212 1326 ἤ)
236 1288 288 1318 Ne
311 1285 369 1317 cni
388 1285 726 1326 Prolegomenorum
752 1284 913 1317 brevitas
931 1286 1025 1318 mira
1044 1286 1233 1331 videatur,
1265 1285 1337 1327 qua
1360 1287 1397 1319 in
1414 1289 1600 1320 Matthaeo

212 1338 249 1366 et
267 1335 393 1364 Marco
417 1331 605 1363 nonnullos
636 1331 793 1362 offensos
824 1340 906 1362 esse
927 1332 1092 1370 memini,
1124 1335 1216 1365 hanc
1241 1334 1355 1374 legem
1373 1336 1409 1365 et
1431 1335 1516 1366 mihi
1542 1343 1600 1367 me

214 1387 357 1418 semper
376 1379 553 1409 statuisse
575 1381 610 1408 et
638 1377 809 1409 librorum
836 1387 865 1409 s.
892 1379 1170 1416 explicatoribus
1197 1381 1321 1420 utique
1348 1381 1601 1419 imponendam

214 1433 296 1457 esse
315 1432 463 1465 moneo,
488 1430 526 1457 ut
542 1422 683 1454 nonnisi
699 1432 780 1465 res,
805 1431 894 1464 quas
911 1424 1066 1457 lectores
1085 1427 1131 1457 ad
1149 1426 1278 1457 librum
1296 1437 1326 1458 s.
1346 1433 1446 1459 recte
1467 1427 1599 1459 intelli-

213 1472 368 1512 gendum
387 1467 727 1511 dijudicandumque
747 1470 842 1501 scire
868 1470 1043 1511 debeant,
1075 1472 1111 1502 in
1132 1473 1417 1511 praeparatione
1441 1481 1599 1506 comme-

212 1523 352 1550 morent
365 1539 375 1555 ,
399 1520 506 1548 notas
524 1518 559 1547 et
578 1516 814 1556 pet-vulgatas
832 1516 1028 1548 lectoribus
1044 1519 1172 1555 paucis
1193 1519 1315 1550 verbis
1335 1519 1373 1551 in
1389 1521 1601 1553 memoriam

215 1565 406 1605 revocent,
441 1562 569 1594 dubias
586 1564 622 1593 et
642 1568 920 1604 controversaS,
951 1563 982 1593 si
1002 1563 1261 1595 dubitationem
1287 1567 1353 1596 aut
1372 1567 1535 1598 minuere
1561 1576 1601 1599 se

214 1613 277 1642 aut
303 1609 430 1641 tollere
447 1617 555 1649 posse
580 1608 706 1639 confisi
726 1609 881 1652 fuerint,
915 1610 1018 1641 docte
1048 1611 1191 1649 quidem
1217 1612 1254 1641 et
1283 1612 1464 1644 subtiliter
1487 1621 1599 1653 expo-

214 1659 302 1688 nant
314 1678 325 1695 ,
347 1656 413 1688 sed
432 1656 468 1687 in
486 1656 597 1686 breve
616 1660 736 1686 tamen
756 1655 1033 1695 disputationem
1051 1658 1193 1697 cogant,
1210 1656 1293 1689 VV.
1307 1659 1384 1690 DD.
1401 1662 1604 1692 commenta

215 1703 368 1742 denique
388 1702 432 1734 ab
455 1701 534 1733 aliis
549 1699 628 1743 jam
645 1701 784 1740 pridem
802 1703 963 1744 explosa,
987 1703 1208 1735 simentione
1228 1704 1338 1745 digna
1354 1706 1438 1737 visa
1456 1705 1603 1747 fuerint,

213 1750 259 1781 iis
275 1748 489 1785 nominatis,
514 1749 573 1787 qui
592 1755 636 1779 ea
653 1751 885 1791 everterunt,
909 1750 1024 1780 missa
1043 1749 1191 1781 faciant.
1237 1752 1387 1791 Amphis
1414 1754 1471 1783 est
1496 1752 1603 1794 enim,

215 1795 272 1828 ubi
291 1795 435 1835 copiose
457 1795 700 1835 explicentur,
732 1795 785 1826 his
810 1796 918 1827 rebus
936 1795 1038 1827 locus
1058 1797 1186 1839 datus,
1220 1798 1280 1837 qui
1298 1799 1476 1839 Isagogen
1502 1798 1540 1830 in
1556 1799 1602 1830 li-

215 1843 301 1873 bros
321 1851 350 1872 s.
373 1838 632 1880 complectiturss
682 1841 908 1882 Quamquam
931 1841 988 1874 liic
1014 1850 1152 1883 quoque
1173 1851 1271 1876 vana
1288 1845 1483 1876 multorum
1501 1853 1603 1877 com-

214 1890 339 1920 menta
355 1888 492 1920 rectius
511 1888 650 1920 silentio
668 1889 976 1932 praeterirentur,
1008 1897 1115 1929 quam
1142 1899 1254 1929 usque
1282 1897 1482 1924 memorata
1502 1892 1603 1923 refu-

215 1936 362 1977 tantur,
387 1942 432 1966 ea
448 1935 623 1977 maxime,
652 1941 746 1974 quae
767 1937 872 1967 aetas
888 1936 1031 1974 peperit
1059 1936 1103 1967 ab
1122 1935 1300 1968 historicis
1321 1940 1358 1969 et
1383 1938 1604 1978 philologieis

216 1981 348 2013 studiis
366 1987 524 2023 aversa,
548 1980 653 2021 nugis
672 1982 709 2012 et
727 1982 834 2013 vanis
859 1979 1082 2024 conjecturis
1106 1983 1279 2015 oblectari
1301 1984 1419 2016 solita.
1468 1983 1604 2023 Quodsi

214 2028 398 2067 interpres
417 2026 588 2058 lectorem
607 2031 895 2066 praeparaturus
915 2036 1039 2061 eorum
1066 2030 1125 2069 qui
1142 2029 1254 2062 libros
1281 2030 1487 2071 isagogicos
1516 2038 1604 2063 con-

215 2073 382 2105 fecerunt
413 2073 616 2105 ubertatem
640 2075 845 2106 aemulatus
871 2075 1041 2107 cramben
1067 2083 1089 2107 a
1113 2076 1238 2112 multis
1266 2084 1379 2115 saepe
1404 2078 1604 2120 decoctam,

216 2127 239 2152 a
257 2120 398 2151 nemine
422 2127 493 2151 non
512 2120 740 2160 degustatam
767 2121 895 2162 exiguo
921 2122 1148 2154 condimento
1164 2120 1309 2164 adjecto
1329 2123 1516 2155 ambitiose
1541 2131 1604 2154 re-

216 2168 370 2206 coquat,
403 2166 563 2197 chartam
586 2167 741 2206 perdere
766 2174 802 2200 et
825 2168 1072 2200 commentarii
1097 2168 1154 2200 sui
1174 2169 1371 2202 emtoribus
1395 2178 1464 2201 non
1490 2169 1605 2202 solum

216 2220 392 2244 nauseam
421 2220 571 2254 creare,
620 2214 686 2245 sed
715 2214 825 2246 etiam
849 2212 1023 2256 injuriam
1047 2214 1172 2247 facere
1195 2215 1280 2247 milii
1308 2216 1454 2247 videtur
1487 2224 1605 2255 neque

220 2258 330 2299 inepti
349 2257 444 2296 (Cic.
467 2259 511 2289 de
532 2258 632 2291 Orat.
653 2260 699 2302 ll,
716 2258 750 2301 4,
770 2262 843 2297 17.)
860 2269 989 2293 nomen
1007 2262 1040 2293 ei
1051 2263 1294 2294 recusandum
1313 2264 1380 2294 est.
1393 2280 1441 2287 --
1486 2263 1605 2294 Unum

219 2301 397 2345 adjungo,
431 2312 502 2337 non
528 2313 569 2336 eo
596 2307 691 2345 apud
711 2315 767 2338 me
784 2308 997 2340 Rueck-erte·
1015 2309 1216 2348 exemplum
1233 2308 1415 2346 valuisse,
1450 2310 1490 2340 ut
1511 2308 1604 2340 Pro-

221 2350 406 2390 legomena
432 2351 470 2382 in
494 2351 768 2393 Postlegomena
790 2359 1053 2386 converterem.
1115 2357 1209 2387 Sane
1239 2355 1419 2394 interpres
1446 2355 1606 2387 lectores

220 2396 268 2427 ad
285 2395 365 2428 libri
383 2406 413 2428 s.
431 2397 618 2430 lectionem
636 2398 706 2431 nisi
726 2399 816 2432 libro
843 2400 1114 2440 diligentissime
1133 2403 1358 2440 pertractato
1376 2406 1475 2433 recte
1491 2409 1603 2439 prae-

219 2449 352 2481 parare
377 2450 446 2474 non
465 2446 597 2481 potest.
646 2445 838 2484 Sapienter
855 2446 964 2486 igitur
991 2447 1089 2479 finito
1105 2447 1361 2479 commentario
1388 2455 1453 2479 suo
1475 2448 1603 2480 Prole-

219 2495 371 2528 goniena
388 2488 533 2521 scribet.
581 2491 653 2522 Sed
673 2500 765 2531 quae
792 2499 814 2523 a
837 2492 937 2524 sanis
961 2493 1050 2525 viris
1077 2493 1312 2525 conficiuntur
1330 2494 1602 2537 Prolegomena,

222 2536 261 2565 ut
281 2535 598 2575 praeparationis
625 2538 696 2568 vim
723 2539 893 2580 habeant,
934 2548 977 2571 ea
1002 2539 1038 2570 in
1059 2539 1307 2571 commentarii
1334 2539 1434 2572 calce
1456 2549 1602 2583 ponere,

220 2582 261 2612 ut
278 2587 360 2620 pos:r
378 2581 712 2619 interpretationem
728 2584 916 2624 legantur,
940 2585 1038 2617 nulla
1059 2585 1151 2617 ratio
1171 2586 1238 2616 est.
1284 2585 1465 2618 Videlicet
1485 2594 1605 2619 novae

222 2634 284 2657 res
303 2625 370 2658 liae
392 2629 609 2666 tempestate
625 2636 693 2660 non
724 2631 838 2662 solum
864 2632 1006 2670 placent
1034 2640 1156 2663 rerum
1173 2632 1396 2671 publicarum
1421 2633 1604 2672 ingenium

222 2680 326 2705 suum
345 2674 611 2705 venditantibus
629 2676 893 2718 turbatoribus,
918 2686 1045 2710 verum
1069 2678 1177 2710 etiam
1193 2679 1392 2718 munuum,
1424 2679 1484 2719 qui
1500 2679 1603 2721 inge-

186 2758 187 2764 *
225 2718 316 2749 uiosi
331 2719 451 2751 videri
469 2721 614 2761 volunt,
645 2721 735 2752 viris
754 2721 921 2756 literatiS.

175 2760 243 2800 ²0¹⁶)
267 2764 517 2803 Hieronymus
541 2767 584 2798 de
605 2766 695 2799 viris
723 2768 852 2800 illustr.
879 2778 908 2800 c.
925 2769 955 2803 5.
985 2769 1085 2801 init.:
1121 2771 1191 2811 „P.
1212 2771 1410 2810 Apostolus
1425 2787 1471 2793 —
1491 2785 1536 2793 —
1557 2771 1603 2803 de

223 2811 319 2843 tribu
334 2809 521 2853 Benjamin
549 2814 584 2844 et
613 2814 741 2855 oppido
762 2815 928 2848 Judaeae
949 2816 1357 2858 [GalilaeaeLGiscalis
1373 2817 1461 2859 fuit,
1495 2825 1562 2859 quo
1580 2825 1603 2849 a
