1752 3347
509 205 666 252 CAP.
698 205 739 251 Ι.
778 206 871 251 Vs,
903 206 979 251 18.
1012 206 1108 251 19..
1479 203 1534 246 5⁷

78 314 211 358 etiam
245 315 331 356 τῶν
352 311 762 368 -κατεχόντων
797 314 964 357 erroris
999 311 1232 355 convincit,
1304 309 1386 352 Est
1421 308 1536 351 enim

82 369 276 423 κατέχειν
289 377 458 424 tenere,
484 371 608 425 firme
624 378 768 415 tenere
788 373 811 414 1
832 371 995 414 Thess,
1013 371 1136 423 5‚21.
1159 371 1181 411 l
1201 367 1303 413 Cor.
1325 367 1446 420 15,2.
1459 367 1537 410 al..

79 429 148 472 At
166 426 307 470 Paulo
326 428 395 469 hic
416 428 618 470 sufficere
639 428 850 470 debuerat
866 429 951 470 τῶν
970 452 1024 459 --·
1045 423 1134 478 ἑχό
1147 441 1202 467 ντ
1215 440 1281 466 ων
1301 449 1354 456 -
1375 424 1401 466 h
1415 424 1536 466 omi-

78 499 221 538 num,
252 485 324 542 qui
343 498 486 527 rerum
509 484 772 537 habeant,
801 487 901 527 dum
928 485 1016 526 sint
1040 482 1242 538 imm-obi,
1276 494 1538 537 quamquam

76 541 239 599 pagani
260 556 343 582 non
372 541 504 582 simul
535 556 682 583 verum
709 542 978 593 hahuerunt,
1016 539 1147 582 simul
1174 538 1365 596 peccatis
1393 536 1541 579 indul-

80 602 258 650 serunt,
289 595 369 638 sed
391 611 468 654 per
486 597 754 654 impietatem
773 612 795 638 a
817 613 918 640 vero
939 597 1218 639 desciverunt
1243 610 1284 639 v.
1304 595 1392 638 21..
1450 593 1541 636 Re-

78 658 147 696 cte
169 653 368 711 plerique
388 652 681 709 explicatores
695 653 886 705 κατέχειν
895 654 980 697 h.l.
994 668 1090 695 esse
1104 652 1305 708 impedire
1316 653 1361 707 [2
1372 650 1540 695 Thess.

77 711 193 764 2,7.]
222 709 561 752 intellexerunt:
590 734 646 740 —-
681 709 919 761 bominum,
956 710 1027 766 qui
1051 724 1196 751 rerum
1219 724 1316 763 per
1344 710 1412 750 im
1422 721 1541 764 pro-

80 767 314 814 bitatem
350 764 400 820 (i.
443 779 483 808 e.
520 765 708 820 improbe
742 763 861 822 facto
886 766 941 808 cf.
972 779 1013 808 ν.
1043 766 1115 808 21.
1147 766 1295 817 Beza,
1324 765 1542 815 Rosenm„

86 821 213 865 Waltz
228 821 296 865 Cl.
316 819 354 874 I,
369 822 437 864 17.
457 822 516 865 al.
539 820 583 864 ἐν
604 819 757 878 ἀδικίᾳ
778 826 988 863 enarrant
1008 821 1183 876 injuste,
1206 822 1405 876 improbae,
1426 820 1543 877 quod

80 893 187 922 sane
204 877 354 921 eodem
372 877 509 933 redit)
527 877 847 933 impediant,
877 878 974 921 scil.
997 891 1128 933 quum
1148 876 1260 918 illud
1281 878 1438 919 animis
1455 892 1543 918 non

80 935 294 979 imbibant
329 949 470 991 neque
499 939 547 977 ut
581 935 715 977 vitam
749 939 876 990 regat
905 934 1132 993 patiantur
1158 934 1213 976 cf.
1244 948 1281 975 v.
1310 935 1397 977 21..
1469 933 1544 975 Sic

85 991 313 1048 Theophyl.
334 996 436 1060 post
454 992 626 1046 Chrys:
665 990 692 1048 ἡ
718 987 912 1048 ἀλήθεια
938 986 1039 1048 ἤτοι
1066 985 1092 1046 ἦ
1123 989 1228 1045 περὶ
1252 992 1363 1032 θεοῦ
1390 994 1546 1046 γνῶσις

81 1050 178 1098 τοῖς
195 1044 458 1105 ἀνθρωποις
476 1046 657 1104 ἕνετέθη
681 1046 729 1098 ἐξ
745 1045 897 1105 ἀρχῆς·
937 1043 1099 1104 ταύτην
1122 1044 1200 1102 τὴν
1225 1043 1443 1103 ἀλήθειαν
1471 1048 1547 1088 καὶ

81 1105 163 1162 τὴν
179 1105 335 1160 γνῶσιν
355 1101 608 1160 οἱἝλληνες
626 1103 671 1147 ἐν
688 1103 839 1162 ἀδικίᾳ
865 1103 1094 1157 κατέσχον,
1132 1102 1356 1145 τουτέστιν
1385 1098 1547 1158 ἦδίκηα

83 1176 167 1204 σαν
184 1159 234 1203 τὸ
257 1157 361 1203 ὅσον
387 1158 460 1203 ἐπ’
482 1162 654 1211 αὐτοῖς,
693 1158 897 1211 εἰδώλοις
923 1158 1184 1217 περιθέντες
1208 1158 1286 1215 τὴν
1311 1155 1442 1209 δόξαν
1466 1158 1546 1200 τοῦ

83 1217 212 1260 θεοῦ.
237 1219 300 1272 (v.
321 1218 546 1273 21—23.)
573 1218 753 1261 Oecum.
811 1214 1095 1270 κατεχόντων]
1129 1209 1550 1258 οἷον-*καλυπτόνυ

83 1289 192 1324 των,
221 1270 392 1330 γνώμης
410 1272 602 1330 πονηρίᾳ
631 1272 1011 1326 ἕῑτισκοτιζόντων.
1068 1272 1234 1315 Totum
1261 1286 1326 1316 vs.
1351 1271 1414 1314 ita
1440 1271 1550 1313 lieet

85 1329 426 1387 παραφράζεινε
455 1345 557 1373 nam
574 1331 639 1373 ita
667 1337 754 1382 est,
787 1336 835 1372 ut
862 1332 931 1373 ira
960 1329 1049 1372 Dei
1073 1331 1125 1372 de
1153 1329 1285 1382 coelo,
1323 1329 1411 1372 Dea·
1436 1329 1550 1381 sede,

85 1387 133 1430 in
148 1400 368 1440 omnem,
395 1402 479 1429 non
496 1387 615 1430 modo
635 1388 689 1430 ab
707 1387 905 1439 Judaeis,
929 1400 1074 1429 cerum
1093 1386 1225 1428 etiam
1245 1385 1548 1440 yentilibus

87 1443 324 1486 admissam
349 1444 613 1498 impietatem
644 1449 687 1486 et
714 1444 1031 1498 improbitatem
1056 1456 1198 1485 eorum
1227 1441 1443 1484 hominum
1467 1455 1550 1495 pa-

87 1500 178 1542 lam
195 1499 390 1553 inqruat,
419 1500 491 1555 qui
506 1500 614 1556 quod
631 1500 676 1541 in
694 1499 820 1542 rebus
844 1500 929 1543 div.
959 1513 1103 1541 verum
1129 1499 1188 1541 se’t
1213 1496 1401 1553 improbe
1426 1496 1549 1554 facto

86 1555 345 1611 impediant,
382 1569 460 1612 quo
495 1555 635 1596 minus
669 1555 825 1597 (animis
847 1560 1072 1609 exceptum
1097 1559 1388 1610 retentumque
1414 1554 1552 1596 vitam

86 1611 344 1655 moderetur.
404 1610 464 1654 V.
494 1612 563 1654 19.
605 1611 841 1654 Rationem
870 1610 1018 1653 reddit
1038 1608 1091 1653 P.
1123 1624 1210 1651 non
1241 1609 1417 1666 quidem
1445 1609 1554 1651 ulti-

89 1682 260 1711 morum
280 1681 321 1711 v.
345 1668 414 1713 18.
433 1682 476 1712 V.
505 1667 591 1709 τῶν
607 1694 664 1700 -
682 1666 948 1721 κατεχόντων
978 1668 1049 1721 [cf.
1066 1666 1336 1720 Rueck-ert.]‚
1373 1664 1453 1708 sed
1482 1669 1552 1708 to-

88 1725 180 1768 tius
202 1724 444 1767 sententiae
463 1739 505 1768 v.
530 1724 601 1769 18.
629 1725 675 1769 h.
708 1739 772 1768 r.:
801 1723 1042 1767 adsciscitur
1065 1724 1187 1767 Deus
1209 1723 1444 1776 bominum,
1482 1723 1557 1778 qui

91 1795 238 1825 verum
253 1781 440 1837 improbe
457 1780 579 1838 facto
605 1781 849 1835 detineant,
884 1795 1086 1823 omnem
1111 1779 1376 1835 impietatem
1403 1784 1445 1822 et
1470 1779 1554 1821 im-

88 1838 349 1895 probitatem
368 1840 496 1894 (ergo
527 1838 659 1880 etiam
687 1853 805 1891 eam,
845 1852 974 1894 quam
997 1837 1178 1893 yeutz'les
1201 1835 1479 1891 admittant),
1510 1840 1555 1878 et

87 1894 193 1952 jure
221 1895 386 1950 quidem
411 1897 475 1951 (v.
507 1895 615 1950 18.).
669 1895 805 1939 Nam
831 1895 988 1937 habent
1011 1893 1192 1950 yente'les
1217 1894 1304 1935 Dei
1329 1893 1556 1938 scientiam·

91 1951 266 1994 minime
283 1951 506 1994 obscuram
523 1949 782 2007 (διότι-ἒν
804 1946 953 2000 αὐτοῖς
971 1965 1012 1994 v.
1035 1950 1142 2004 19.).
1200 1949 1400 2002 Lachm„
1421 1963 1554 2006 quum

92 2006 214 2050 διότι
231 2007 430 2064 quoniam
447 2008 727 2066 explanaret,
756 2021 798 2052 v.
822 2007 890 2050 18.
913 2012 1016 2065 post
1045 2003 1310 2057 κατεχόντων
1335 2006 1555 2061 virgulam

92 2063 256 2106 locavit
273 2063 476 2121 idemque
493 2079 649 2107 rursus
665 2064 770 2107 fecit
796 2079 837 2108 V.
856 2065 927 2107 20.
957 2064 1033 2119 (el.
1059 2077 1100 2106 v.
1131 2063 1227 2117 21.)
1250 2067 1353 2120 post
1380 2060 1556 2104 ἇναπο-

95 2117 320 2178 λογήτους.
378 2119 472 2164 Sed
489 2122 724 2179 utrobique
744 2121 988 2179 simplicior
1005 2124 1074 2162 est
1094 2134 1243 2161 eorum
1266 2119 1405 2172 ratio,
1435 2117 1511 2174 qui
1530 2133 1559 2160 a

82 2174 217 2219 euin
251 2191 406 2220 novam
446 2179 709 2221 sententiam
742 2177 998 2231 ordiuntur,
1038 2180 1089 2219 ut
1117 2173 1234 2218 διότι
1264 2190 1366 2218 nam
1395 2176 1560 2220 valeat.

95 2231 158 2275 Et
188 2233 261 2275 hic
299 2234 473 2291 quidem
499 2234 546 2278 id
572 2236 806 2279 voluerunt
835 2236 1133 2291 glossatores,
1182 2231 1257 2288 qui
1287 2236 1364 2273 aut
1389 2228 1478 2274 ὅτι
1504 2230 1556 2273 τὸ

97 2286 290 2345 γνωστόν
309 2291 380 2346 [Ε.
402 2292 459 2336 G.
477 2292 569 2348 78.]
584 2324 596 2345 ‚
626 2296 702 2334 aut
719 2291 769 2333 τὸ
789 2292 887 2348 γὰρ
903 2286 1093 2346 γνωστόν
1115 2289 1222 2344 [61.]
1242 2288 1287 2329 in
1310 2288 1353 2332 h.
1376 2288 1410 2332 l.
1438 2287 1559 2330 inve-

99 2346 271 2390 herent.
337 2347 518 2391 Scilicet
546 2350 698 2392 voeula
727 2347 845 2390 διότι
872 2353 976 2390 nata
1004 2361 1059 2389 ex
1089 2341 1152 2387 δι’
1183 2350 1226 2386 et
1254 2341 1354 2393 ὅ,τι
1379 2344 1558 2401 proprie

100 2401 298 2444 declarat
321 2410 496 2460 propter
520 2406 652 2463 quod,
693 2419 822 2462 quam
849 2405 896 2447 ob
925 2418 1038 2456 rem,
1078 2408 1168 2443 tum
1197 2405 1245 2442 ut
1274 2400 1335 2442 sit
1362 2403 1556 2456 messbalb'

100 2459 152 2502 ob
171 2472 299 2515 quam
320 2474 516 2514 causam,
544 2476 643 2515 eur,
671 2468 717 2504 et
735 2462 779 2504 in
801 2458 1169 2516 interrogatione,
1199 2457 1312 2499 utin
1341 2458 1558 2514 exemplo,

100 2514 222 2573 quod
231 2514 413 2557 docendi
422 2517 554 2559 causa
565 2518 813 2561 Ammonius
832 2533 870 2561 s·
888 2532 929 2562 v.
949 2514 1019 2558 ὅτι
1037 2514 1189 2558 finxit:
1212 2511 1297 2555 ὅτι
1314 2514 1392 2566 μὲν
1410 2512 1562 2566 §nl-eis

103 2587 182 2614 πει
201 2566 228 2627 ἡ
247 2568 404 2628 σελήνη
423 2572 583 2623 πάντες
602 2569 746 2624 ἴσμεν,
787 2570 941 2615 διότι
969 2573 1041 2621 δὲ,
1083 2567 1248 2620 οὐκέτι,
1290 2567 1401 2611 ἄλλα
1429 2566 1559 2623 μόνοι

104 2626 150 2672 οἱ
167 2626 386 2686 ἔμπειροι.
403 2660 414 2678 ,
452 2634 497 2671 et
514 2633 639 2671 extra
659 2630 1069 2685 interrogationem,
1105 2631 1198 2668 tum
1227 2631 1277 2669 ut
1300 2626 1556 2684 pronomine

103 2685 290 2728 relativo
312 2700 392 2744 pro
413 2683 754 2727 demonstrativo
774 2687 920 2742 posito
941 2685 1015 2739 [cf.
1036 2684 1137 2725 Lat.
1156 2697 1309 2740 quam
1326 2684 1374 2726 ob
1393 2697 1485 2726 rem
1505 2704 1553 2720 =

105 2742 155 2786 ob
172 2743 304 2785 hanc
321 2743 430 2797 rem]
454 2742 496 2782 in
516 2741 686 2799 periodi
705 2742 830 2784 initio
852 2743 1061 2797 bessbcssb
1086 2740 1158 2794 [cf.
1178 2739 1278 2784 Lat.
1303 2742 1450 2798 quare]
1479 2754 1556 2781 no-

107 2803 173 2842 tet
189 2797 457 2867 [hujusmodi
474 2800 516 2839 ‘u
538 2799 570 2842 l.
589 2798 790 2864 quoniam
814 2797 930 2840 διότι
955 2812 1086 2839 sensu
1114 2811 1210 2838 oum
1242 2794 1313 2840 διό
1344 2796 1558 2847 convenit,

108 2855 281 2900 librarii
303 2853 371 2899 διό
390 2856 436 2899 in
454 2856 486 2903 1.
521 2870 637 2900 vocis
666 2852 784 2899 διότι
814 2854 1060 2908 sufficiunt,
1097 2853 1152 2902 cf,
1186 2855 1210 2897 l
1239 2852 1402 2899 Thess.
1429 2850 1556 2906 2‚18.
