1752 3347
191 113 279 159 318
470 108 850 156 EPISTOLA
882 111 985 155 An
1019 111 1383 159 ROMANOS

195 216 427 277 perspicue
458 229 592 274 supra
619 215 826 262 dixisset.
864 241 918 250 --
993 217 1092 262 Jam
1132 232 1174 263 v.
1203 214 1294 261 ἀλλ’
1326 217 1607 272 ἐβασίλευσεν
1635 219 1659 264 ὅ

199 276 252 316 Θ.
273 299 328 305 -
348 298 401 306 -
426 270 564 326 ’Λδιῐμ
593 274 705 316 hanc
734 273 998 317 sententiam
1025 275 1277 320 continere:
1306 272 1392 318 ἀλλ’
1427 273 1660 332 &koyata-

192 334 266 386 .9η
297 325 324 386 ἦ
351 326 547 385 ἁμαρτία
578 328 670 373 ἀπὸ
690 327 749 374 ’A.
776 347 822 385 μ.
842 333 908 374 M.
939 333 1013 374 καὶ
1038 334 1133 382 τοῖς
1157 330 1217 389 μὴ
1250 328 1558 389 ἁμαρτήσασιν
1586 333 1662 377 ἐπὶ

192 388 256 444 τῷ
283 381 354 440 ὁμ.
385 403 423 428 τ.
446 401 495 428 π.
512 384 577 430 Ἀ.
608 393 653 430 et
683 386 966 441 ἐβασίλευσεν
996 404 1092 431 cum
1125 388 1321 447 pondere
1349 391 1394 431 in
1422 404 1488 433 vs.
1512 389 1664 433 limine

191 444 455 486 collocatum
478 444 624 498 arguit
642 450 687 487 et
711 443 764 489 P.
783 444 1026 502 disputatio
1056 446 1267 491 ostendit.
1325 445 1521 489 Mortem
1549 445 1665 489 enim

194 499 369 544 nonnisi
393 507 696 557 peccatorum,
726 517 838 559 quae
859 504 1212 560 perpetraveris,
1242 518 1427 562 poenam
1450 517 1548 546 esse
1571 504 1667 561 Ap.

194 572 237 602 v.
262 557 332 601 12.
363 559 556 612 monuit,
588 558 703 600 unde
733 565 778 601 et
803 559 962 616 quibus
989 561 1182 603 facinora
1206 563 1478 618 imputentur
1497 560 1553 602 iis
1577 575 1668 602 mo-

192 614 394 658 riendum
415 629 529 668 esse,
559 620 604 657 et
630 616 706 673 qui
725 622 866 658 morte
888 617 1033 660 affecti
1051 618 1218 660 fuerint
1238 618 1295 660 iis
1316 618 1546 660 commissa
1567 631 1667 674 pec-

195 676 290 714 cata
310 672 524 728 imputata
548 687 646 715 esse
674 678 792 716 recte
813 674 1108 720 concluditur.
1165 674 1460 731 Quamobrem
1479 674 1574 731 Ap.
1604 673 1671 716 sio

194 728 421 785 disputat:
454 744 606 772 omnes
642 730 818 787 inquam
850 731 1046 774 homines
1073 732 1176 789 quia
1207 736 1467 789 peccassent
1506 730 1669 773 mortui

195 789 300 831 sunt
328 787 392 840 (V.
415 787 523 842 12.).
590 785 704 829 Nam
732 803 873 845 usque
903 788 957 830 ad
984 790 1098 844 legis
1128 803 1239 832 mos,
1268 789 1669 854 promulgationem

194 842 462 902 peccabatur
481 859 522 888 τ.
548 844 615 887 13.
647 845 836 900 (nullum
856 845 993 900 igitur
1011 852 1186 904 tempus
1217 846 1328 897 fuit,
1357 860 1442 901 quo
1469 845 1669 886 homines

196 900 322 942 nefas
341 914 430 942 non
448 901 683 956 facerent).
740 902 974 944 Peccatum
1003 907 1149 945 autem
1179 905 1251 957 (ut
1279 901 1545 944 sententiam
1576 915 1671 943 mu·

196 957 338 1010 niam,
369 959 454 1014 qua
476 957 654 1001 Adamo
683 964 866 1016 propter
894 960 1067 1001 facinus
1098 964 1272 1001 mortuo
1301 972 1452 1000 omnes
1474 957 1674 1000 homines

197 1015 249 1056 ob
273 1029 352 1057 sua
372 1015 531 1057 delicta
552 1015 682 1057 morti
709 1016 908 1058 addictos
935 1030 1035 1058 esse
1058 1015 1175 1071 dixi)
1204 1029 1290 1058 non
1318 1015 1532 1073 imputari
1558 1015 1675 1056 solet

196 1071 254 1114 ab
268 1070 419 1131 judice
438 1073 538 1127 lege
558 1087 642 1114 non
662 1073 746 1114 lixa
767 1078 829 1127 (v.
848 1074 954 1126 13.).
998 1075 1069 1116 At
1086 1073 1313 1128 imperium
1334 1072 1529 1115 exercuit
1549 1071 1675 1114 Mors

196 1128 251 1171 ab
268 1127 447 1172 Adamo
469 1144 609 1185 usque
628 1128 683 1171 ad
701 1129 855 1172 Mosen
877 1130 1010 1171 etiam
1030 1130 1074 1172 in
1092 1144 1169 1171 eos
1193 1130 1266 1186 qui
1287 1144 1373 1171 non
1405 1129 1468 1171 ita
1497 1143 1675 1187 peccas-

199 1192 321 1239 sent,
354 1189 402 1228 ut
422 1185 662 1239 disertam,
692 1188 804 1229 sicut
828 1185 1054 1241 Adamas,
1079 1186 1170 1229 Dei
1189 1187 1331 1242 legem
1351 1187 1566 1229 violarent
1587 1186 1676 1242 Lq-

198 1247 245 1284 at
273 1244 501 1298 imputavit
532 1243 661 1285 Deus
702 1242 956 1286 hominihus
994 1247 1173 1302 peccata
1213 1249 1314 1286 ante
1352 1244 1676 1301 promulgatam

197 1301 339 1355 legem
369 1315 479 1343 mos.
508 1304 686 1356 patrata
715 1315 767 1342 ne
798 1300 854 1341 iis
885 1299 1060 1356 quidem
1091 1301 1312 1358 exceptis,
1353 1315 1465 1357 quae
1495 1315 1580 1342 non
1604 1314 1676 1342 es—

198 1361 326 1409 sent,
373 1362 423 1398 ut
452 1356 620 1399 Adami
649 1357 842 1410 facinus,
890 1362 1042 1400 contra
1083 1358 1229 1400 datam
1257 1359 1399 1412 legem
1429 1357 1678 1409 commissa,

198 1413 321 1455 illam
341 1412 564 1455 hominum
584 1415 781 1469 regulam
803 1421 848 1457 et
867 1415 1227 1458 consuetudinem
1249 1415 1426 1456 minime
1445 1419 1678 1470 sequutus.

199 1470 322 1524 Jam,
361 1476 411 1513 ut
431 1469 606 1514 Adamo
635 1475 818 1529 propter
843 1478 1068 1529 peccatum
1095 1476 1268 1514 mortuo
1298 1486 1449 1513 omnes
1477 1471 1678 1513 homines

199 1527 249 1570 ob
269 1541 348 1568 sua
365 1527 566 1583 facinora
585 1528 642 1571 ad
662 1533 848 1571 mortem
867 1528 1080 1570 divinitus
1109 1528 1239 1570 datos
1265 1543 1365 1570 esse
1394 1529 1584 1570 lectores
1609 1527 1676 1568 fa-

199 1588 377 1627 teantur
406 1586 469 1640 (v.
498 1584 614 1640 12.)‚
658 1599 791 1626 unum
818 1598 842 1626 a
874 1583 928 1627 P.
956 1585 1262 1643 superioribus
1302 1584 1548 1627 addendum
1592 1588 1679 1635 est,

201 1639 303 1684 hoc:
332 1640 485 1682 idonea
505 1640 649 1684 Deum
669 1641 837 1684 ratione
853 1647 1113 1684 commotum
1132 1641 1187 1684 ad
1209 1642 1328 1683 illam
1349 1642 1404 1683 ab
1424 1641 1678 1684 hominibus

200 1698 428 1740 observari
461 1698 639 1741 solitam
670 1698 894 1751 regulam,
942 1701 1133 1765 peccatis
1165 1701 1261 1753 lege
1294 1698 1484 1741 nondum
1515 1712 1677 1757 propo-

201 1754 289 1797 sita
309 1759 446 1795 morte
504 1756 666 1807 unitis,
697 1769 777 1796 sua
798 1756 983 1798 consilia
1014 1771 1100 1797 non
1130 1756 1495 1799 accommodasse.
1552 1755 1679 1797 Haeo

201 1811 421 1854 sententia
442 1769 611 1853 ιιΓῐίιηὶε
632 1826 698 1853 vs.
720 1811 791 1854 14.
813 1826 853 1855 ν.
877 1810 924 1861 ὅς
945 1813 1039 1854 ἐστι
1056 1809 1198 1861 τύπος
1218 1814 1295 1854 τοῦ
1315 1812 1554 1864 μέλλοντος
1574 1810 1681 1854 suh-

202 1868 314 1926 jecta
346 1872 431 1909 est.
511 1867 637 1921 Quae
667 1867 732 1909 sic
762 1867 974 1924 capienda
1003 1874 1130 1911 sunt:
1173 1867 1221 1917 ὅς
1252 1870 1371 1922 [scil.
1398 1865 1552 1922 Ἀδάμ]
1583 1866 1679 1911 ἐστι

197 1919 342 1972 ’τύπος
372 1925 451 1965 τοῦ
478 1924 718 1973 μέλλοντος
746 1938 820 1981 np.
844 1920 981 1976 Ἀδάμ
1011 1925 1053 1966 h.
1082 1939 1119 1969 e.
1147 1925 1228 1966 τοῦ
1259 1924 1478 1980 Χριστοῦ.
1560 1921 1679 1966 Nam

204 1983 228 2024 l
249 1982 352 2024 Cor.
376 1981 443 2033 15,
460 1980 533 2024 45.
563 1980 772 2024 Christus
799 1980 966 2023 diserte
994 1976 1017 2023 ὃ
1046 1977 1230 2034 εἷ’σχατνς
1249 1979 1386 2034 Ἀδάμ
1415 1984 1598 2024 vocatur
1635 1985 1681 2024 et

202 2037 379 2082 Adamo
409 2039 670 2096 opponitur,
701 2038 777 2094 qui
807 2034 829 2079 ὃ
860 2034 1189 2091 πρῶτοςἈὸάμ
1211 2043 1504 2096 nuncupatur.
1564 2038 1681 2084 Voc.

204 2095 319 2138 enim
360 2089 603 2149 ἅνθρωπος
640 2095 703 2139 ibi
729 2094 960 2137 delendum
989 2100 1084 2148 est,
1127 2101 1176 2137 ut
1207 2094 1324 2152 quod
1352 2096 1624 2150 glossatores
1654 2109 1680 2138 e

207 2169 270 2196 vs.
291 2153 364 2195 47.
387 2153 615 2208 petierint.
672 2151 865 2195 Videtur
884 2157 1031 2195 autem
1055 2152 1166 2195 hanc
1187 2151 1382 2194 Messiae
1415 2153 1681 2210 appellatio-

206 2225 302 2252 nem
329 2210 556 2265 (ultimus,
592 2210 773 2252 futurus
802 2208 1028 2263 Adamus)
1058 2223 1143 2251 non
1176 2208 1228 2253 P.
1261 2210 1562 2264 excogitasse,
1600 2209 1682 2253 sed

206 2269 251 2309 in
280 2265 547 2311 Iudaeorum
583 2267 746 2309 scholis
775 2267 962 2308 multum
992 2273 1084 2309 tum
1110 2268 1324 2324 temporis
1354 2268 1681 2324 frequentatam

208 2325 251 2366 in
284 2338 372 2366 rem
403 2339 527 2366 suam
557 2325 846 2368 convertisse.
913 2323 1087 2366 Neutro
1119 2324 1232 2366 enim
1261 2325 1295 2369 l.
1325 2325 1420 2382 Ap.
1451 2324 1531 2366 hoc
1559 2325 1680 2367 Mes·

208 2383 299 2423 siae
330 2396 486 2423 nomen
513 2382 583 2424 vel
603 2388 787 2424 excusat
806 2381 875 2423 vcl
893 2381 1165 2435 argumentis
1187 2380 1410 2430 defendit,
1441 2380 1520 2424 sed
1540 2387 1587 2425 ut
1606 2396 1682 2424 ne-

209 2437 314 2480 mini
343 2438 538 2493 ignotum
568 2438 611 2480 in
637 2438 787 2483 Jesum
808 2438 1017 2480 Messiam
1053 2440 1283 2483 transfert.
1340 2438 1527 2498 Adjice,
1565 2436 1680 2496 quod

210 2496 474 2552 posterioris
503 2496 666 2538 aetatis
697 2495 890 2540 Judaeos
920 2495 1133 2537 Messinm
1168 2511 1262 2538 rum
1297 2495 1472 2538 Adamo
1503 2503 1678 2539 conten·

211 2552 331 2596 disse
361 2568 413 2595 ex
444 2568 496 2596 eo
524 2553 754 2610 probabile
781 2558 872 2605 est,
904 2552 1019 2609 quod
1053 2553 1129 2594 has
1153 2552 1345 2595 Messian
1371 2558 1522 2610 partes
1550 2551 1677 2596 dede-

211 2613 337 2657 runt,
370 2615 410 2650 ut
437 2610 745 2652 detrimentum
765 2611 820 2652 ab
842 2610 1016 2652 Adanu)
1041 2611 1321 2668 importatum
1350 2611 1678 2653 reconcinnarct

213 2667 321 2711 Act.
342 2667 383 2717 3,
401 2667 471 2708 21.
528 2668 656 2711 Rom.
675 2668 718 2720 8,
737 2669 807 2711 20.
830 2683 914 2724 sq..
981 2667 1036 2709 Et
1071 2668 1211 2726 ipsum
1231 2668 1392 2709 Adurni
1417 2668 1676 2764 prumiae-ux:

212 2728 369 2781 sutis-33
401 2737 439 2765 v,
465 2729 552 2767 not.
576 2725 629 2750 ᾖ*
650 2726 892 2782 p.293sq.)
942 2739 1095 2767 nomen
1126 2724 1179 2767 de
1211 2723 1380 2766 Adamo
1421 2722 1534 2780 apud
1601 2710 1678 2762 ab·

215 2782 331 2824 {theos
349 2793 480 2837 saepe
504 2781 674 2824 obvium
707 2782 841 2838 (male
874 2782 989 2825 enim
1019 2781 1165 2829 Wersr.
1195 2779 1277 2825 huc
1300 2781 1473 2825 rettulit
1494 2778 1676 2836 loseph.
