1752 3347
199 243 258 285 92
482 239 863 285 EPISTOLA
894 240 998 282 AD
1028 238 1392 286 ROMANOS

199 364 239 384 ex
256 361 298 383 eo
314 353 572 394 cognoscetur,
594 344 692 391 quod
711 344 800 379 olim
817 351 899 380 ante
920 344 1052 380 Christi
1079 344 1239 379 tribunal
1265 345 1455 381 comitati
1480 348 1672 384 conscien-

199 395 269 430 tiae
309 401 367 428 aut
397 393 570 430 vulnera,
607 397 668 425 aut
703 390 853 425 sortasse
887 390 993 426 etiam
1019 391 1144 425 solatia
1167 390 1326 426 habituri
1348 397 1433 426 sunt
1454 394 1573 430 v.15.
1603 395 1671 430 16..

200 442 334 475 Contra
351 440 378 474 si
398 437 525 473 Judaei
543 449 655 483 quum
674 436 802 471 ceteris
818 436 890 471 suis
910 437 1132 471 ornamentis
1151 443 1227 470 tum
1252 436 1350 483 lege,
1383 450 1491 490 quam
1510 438 1638 474 Deus
1630 441 1671 475 iis

199 485 450 527 dedi¹.i11ssati
470 490 589 517 tamen
605 482 649 516 ad
669 482 740 516 Dei
763 482 986 517 voluntatem
1007 496 1042 516 se
1066 494 1139 516 non
1158 482 1411 524 conformant,
1435 496 1579 518 lnanem
1597 499 1672 520 esse

197 545 325 567 eorum
347 529 547 574 superbiam
570 542 612 563 ac
629 528 762 561 merito
781 541 842 562 eos
863 528 944 562 Deo
966 541 1098 574 poenas
1129 528 1275 562 daturos
1300 541 1375 563 esse
1400 529 1479 574 quis
1505 537 1556 564 est
1585 532 1671 576 quin

197 578 396 622 intelligat?
426 588 464 609 v.
484 575 526 607 17
545 593 590 600 -
608 574 681 608 24.
730 573 847 617 Quisi
877 580 1110 626 peccatorum
1141 574 1390 627 impunitatem
1420 582 1610 620 propterea
1635 590 1673 611 se

195 623 377 658 habituros
398 620 612 673 opinantur,
630 619 741 671 quod
760 621 991 673 *circumsecti
1010 620 1103 663 siut,
1133 621 1164 653 ei
1195 621 1466 661 tantummodo,
1492 621 1553 673 qui
1581 621 1672 655 divi-

196 682 262 704 nae
279 668 345 713 legi
368 666 532 708 obediat,
563 665 879 701 circumcisionem
900 665 979 700 usui
998 673 1104 710 atque
1124 667 1372 700 emolumento
1402 680 1476 701 esse
1502 673 1673 712 ignorant

196 726 315 758 neque
336 712 423 746 illud
442 712 734 752 considerarunt,
757 712 896 745 divinae
918 712 1003 758 legis
1025 712 1234 746 violatorem
1255 719 1351 746 recte
1375 712 1446 746 dici
1467 713 1672 758 praeputia-

194 767 294 803 tum,
326 765 451 793 contra
480 757 658 792 Judaeum
689 770 731 792 ac
754 771 835 792 vere
864 759 1144 792 circumsectum
1174 771 1256 791 eum
1283 758 1558 792 existimandum
1586 771 1674 800 esse,

194 805 298 850 cujus
317 804 458 839 animus
474 804 641 838 sordibus
664 811 836 850 purgatus
855 804 922 842 sit,
947 817 1022 838 non
1039 804 1266 851 praeputium
1282 816 1315 838 v.
1335 805 1380 838 25
1400 823 1443 830 -
1460 805 1532 838 29..

329 995 388 1046 V.
427 998 469 1044 1.
514 993 606 1043 Διὸ
627 991 1018 1077 ἀναπολόγητος
1055 993 1124 1053 εἶ,
1175 990 1215 1042 ὦ
1249 995 1489 1077 ἄνθρωπε
1517 997 1613 1047 πᾶς
1644 993 1671 1041 ὁ

191 1061 403 1146 κρίνων·
438 1064 492 1112 ἐν
513 1058 556 1128 ᾦ
577 1060 676 1147 γὰρ
699 1061 879 1127 κρίνεις
901 1062 990 1111 τὸν
1013 1063 1180 1126 ἕτερον
1206 1061 1416 1111 σεαυτὸν
1437 1060 1669 1125 κατακρί-

190 1148 310 1187 νεις·
345 1129 408 1181 τὰ
429 1129 528 1215 7619
550 1131 679 1179 αὐτὰ
702 1128 934 1194 πράσσεις
955 1129 980 1178 ὃ
1002 1130 1204 1213 κρίνων.
1274 1135 1323 1180 2.
1357 1128 1578 1191 Οιδαιιεν
1598 1127 1667 1185 δὲ,

191 1201 267 1250 ὅτι
286 1199 343 1248 τὸ
364 1199 519 1282 κρίιια
542 1203 632 1247 τοῦ
656 1200 782 1246 θεοῦ
806 1200 904 1245 ἐστι
926 1198 1052 1246 κατὰ
1078 1195 1320 1260 ἀλήθειαν
1355 1197 1433 1248 ἐπὶ
1463 1196 1580 1251 τοὺς
1608 1196 1671 1244 τὰ

189 1274 397 1318 τοιαῦτα
418 1264 755 1332 πράσσοντας·
812 1268 859 1316 3.
886 1265 1055 1350 λογίζῃ
1077 1264 1130 1314 δὲ
1149 1272 1323 1324 τοῦτο,
1362 1285 1402 1314 ω
1432 1266 1672 1329 ἄνθρωπε

189 1335 217 1386 ὅ
239 1336 429 1402 κρίνων
446 1334 562 1388 τούς
584 1333 647 1382 τὰ
669 1339 909 1382 τοιαῦτα
897 1333 1211 1398 πράσσοντας
1230 1334 1313 1383 καὶ
1337 1339 1495 1383 ποιῶν
1524 1332 1670 1391 αὐτὰ,

189 1405 266 1454 ὅτι
289 1404 351 1453 σύ
374 1400 582 1467 ἐκφεύξῃ
602 1401 659 1450 τὸ
684 1401 839 1466 κρίιια
861 1410 952 1451 τοῦ
978 1406 1133 1461 θεοῦ,·
1191 1404 1239 1453 4.
1275 1402 1306 1465 ἢ
1331 1408 1422 1451 τοῦ
1454 1399 1672 1450 πλούτου

187 1479 273 1536 τῆς
287 1469 619 1557 χρηστότητος
637 1470 794 1519 αὐτοῦ
817 1470 901 1519 καὶ
925 1477 1012 1534 τῆς
1034 1471 1223 1554 ἀνοχῆς
1250 1471 1334 1520 καὶ
1368 1476 1453 1533 τῆς
1481 1489 1670 1533 αακρο-

186 1540 381 1604 θυμίας
399 1542 755 1604 καταφρονεῖς,
792 1559 823 1587 α
825 1558 995 1605 χνοων
1014 1539 1088 1587 ὅτι
1106 1540 1163 1587 τὸ
1184 1538 1405 1603 χρηστὸν
1427 1544 1519 1587 τοῦ
1544 1541 1670 1586 θεοῦ

188 1611 255 1664 εἷς
277 1605 546 1689 μετάνοιάν
569 1623 621 1655 σε
642 1626 672 1654 α
675 1625 776 1673 χει,
819 1607 867 1656 5.
898 1606 1037 1655 Κατὰ
1060 1605 1115 1655 δὲ
1135 1607 1226 1668 τὴν
1249 1603 1552 1690 σκληρότητά
1578 1622 1670 1654 σου

187 1676 274 1726 καὶ
317 1672 657 1739 ἀμετανόητον
687 1672 902 1737 καρδίαν
933 1674 1253 1739 θησαυρίζεις
1289 1680 1482 1738 σεαυτῷ
1514 1673 1669 1740 ὀργὴν

172 1748 243 1795 ἐν
263 1744 422 1809 ἡαέρᾳ
447 1743 596 1827 ὅργης
617 1741 701 1790 καὶ
722 1741 1080 1825 ἀποκαλύψεως
1100 1763 1184 1791 και
1205 1741 1559 1805 δικαιοκρισίας
1580 1747 1670 1790 τοῦ

187 1815 339 1870 θεοῦ,
398 1814 444 1861 6.
479 1812 532 1864 ὃς
574 1807 820 1858 ἀποδώσει
861 1809 1053 1859 ἑκάστω
1092 1810 1220 1859 κατὰ
1248 1810 1309 1858 τὰ
1344 1812 1463 1891 ἐρὶα
1495 1810 1668 1867 αὐτοῦ,

189 1884 236 1933 7.
259 1901 383 1943 τοις
382 1898 470 1928 ιιεν
501 1878 625 1927 καθ’
651 1877 911 1941 ὑποιιονην
939 1899 1025 1947 ερ)
1030 1898 1087 1928 ου
1119 1879 1350 1962 ἀγαθοῦ,
1398 1877 1552 1933 δόξαν
1585 1878 1669 1926 καὶ

186 1949 335 2013 τιμὴν
357 1968 439 1997 και
463 1945 761 2012 ἀφθαρσίαν
789 1946 1011 2009 ζητοῦσι,
1064 1947 1195 2009 ζωὴι
1220 1945 1425 1996 αἷώιιοι
1434 1984 1449 2004 ,
1496 1949 1541 1995 8.
1568 1950 1670 2000 τοῖς

187 2016 241 2067 δὲ
268 2018 384 2081 ἐξερ
389 2014 572 2072 ιθείας,
607 2013 691 2062 καὶ
714 2014 977 2064 ἀπειθοῦσι
1000 2034 1094 2079 μεν
1116 2036 1175 2078 τι]
1200 2014 1409 2078 αληθείᾳ
1435 2014 1666 2062 πειθοιιε-

187 2106 291 2140 νοις
320 2084 374 2134 δὲ
406 2089 467 2147 τῇ
500 2081 699 2146 ἀδικίᾳ,
749 2083 872 2151 ὀργὴ
903 2083 987 2133 καὶ
1018 2083 1200 2146 θυμός.
1285 2086 1330 2132 9.
1383 2082 1556 2147 Θλίψις
1584 2082 1670 2130 καὶ

188 2153 491 2218 στενοχωρία
512 2151 588 2200 ἐπὶ
608 2156 776 2200 πᾶσαν
793 2152 964 2216 ψυχὴν
993 2151 1272 2218 ἀνθρώπου
1304 2157 1395 2201 τοῦ
1426 2169 1667 2217 κατεργα-

188 2223 399 2287 ζομένου
427 2220 484 2269 τὸ
513 2219 694 2277 κακὸν,
729 2220 976 2269 Ἰουδαίου
1006 2241 1059 2270 τε
1089 2227 1288 2287 πρῶτον
1318 2219 1402 2269 καὶ
1414 2219 1668 2282 Ἕλληνος·

192 2296 268 2341 10.
291 2289 412 2347 δόξα
435 2287 487 2338 δὲ
513 2287 598 2338 καὶ
619 2287 735 2350 τιμὴ
758 2289 842 2337 καὶ
867 2287 1033 2354 εἰρήνη
1064 2289 1210 2338 παντὶ
1244 2293 1316 2352 τῷ
1353 2287 1668 2355 ἐργαζομένῳ

187 2360 244 2409 τὸ
242 2358 498 2444 ἀγαθὸν,
532 2355 760 2421 Ἰουδαία]
787 2377 838 2405 τε
872 2364 1072 2422 πρῶτον
1100 2357 1182 2407 καὶ
1194 2357 1399 2420 Έλληνι.
1475 2359 1552 2405 11.
1593 2355 1668 2405 Οὐ

187 2426 285 2513 γάρ
308 2432 407 2477 ἐστι
429 2424 810 2491 προςωποληψία
834 2427 969 2490 παρὰ
992 2432 1063 2474 τιῦ
1096 2429 1216 2474 θεῶ.
1293 2429 1370 2475 12.
1393 2425 1535 2474 ‘'Ooot
1566 2423 1666 2491 γὰρ

190 2496 388 2559 ἀνόιιως
405 2496 631 2560 ἥμαρτον
651 2494 713 2541 ἀι
718 2492 849 2557 όιιως
871 2495 954 2543 καὶ
986 2495 1206 2543 ἀπολοῦν
1214 2514 1315 2553 ται,
1358 2493 1442 2542 καὶ
1478 2493 1583 2541 ὅσοι
1614 2493 1666 2539 ἐν

188 2562 329 2629 νόιιῳ
357 2565 582 2628 ηἰιαρτον
615 2561 698 2612 διὰ
731 2562 891 2626 νόιιου
925 2561 1167 2627 κριθησοι
1174 2583 1266 2612 ται
1343 2566 1419 2612 13.
1461 2560 1535 2611 Οὐ
1564 2558 1664 2625 γὰρ

189 2633 237 2682 οἱ
258 2633 496 2696 ἀκροαταὶ
517 2638 608 2681 τοῦ
632 2628 792 2694 νόιιου
825 2631 1005 2680 δικαιοι
1038 2632 1174 2695 παρὰ
1206 2638 1279 2696 τῷ
1311 2633 1442 2692 θειῦ,
1487 2627 1593 2675 ἀλλ’
1619 2628 1667 2674 οἱ

190 2700 387 2764 ποιηταὶ
425 2721 500 2749 τοι
545 2698 707 2763 νόμου
737 2698 1078 2763 δικαιωθησοι
1083 2720 1173 2749 ται
1269 2700 1347 2748 14.
1380 2699 1538 2747 'Orat'
1564 2694 1666 2778 γὰρ

189 2771 314 2833 ἔθνη
333 2767 394 2816 τὰ
415 2768 482 2831 ιιὴ
497 2767 656 2831 νόιιον
677 2769 852 2832 ἔχοντα
876 2766 1020 2834 φύσει
1042 2769 1103 2818 τὰ
1124 2775 1214 2818 τοῦ
1236 2765 1394 2830 νόμου
1417 2768 1548 2826 ποιῇ,
1577 2758 1661 2812 οὗ-

192 2856 268 2887 τοι
294 2834 454 2900 νόμον
485 2837 553 2898 μὴ
585 2839 700 2920 ἔχον
702 2857 776 2892 τες
805 2839 998 2892 ἑαυτοῖς
1033 2841 1120 2887 εἰσι
1155 2835 1332 2899 νόμος,
1381 2833 1457 2881 15.
1492 2833 1664 2887 οἵτινες

192 2904 526 2956 ἐνδείκνυνται
546 2903 602 2953 τὸ
623 2924 770 2972 εργον
791 2912 880 2955 τοῦ
905 2903 1063 2968 νόμου
1085 2905 1309 2972 φραπτόν
1333 2904 1385 2951 ἐν
1406 2903 1512 2956 ταῖς
1543 2919 1663 2964 καρ-
