1752 3347
559 193 716 239 CAP.
748 193 855 240 111.
892 195 984 238 Vs.
1015 196 1056 238 7.
1090 198 1141 237 et
1168 195 1228 238 8..
1551 194 1630 235 105

162 302 257 357 Q.)
275 301 597 360 pronuntiavit,
628 302 754 345 multi
775 302 993 369 editores,
1022 316 1162 358 nuper
1179 300 1347 343 Grfesb.
1371 304 1415 341 ct
1432 300 1479 342 Κ
1480 313 1626 355 numu,

166 374 282 402 voce.
311 357 462 408 καθώς
488 357 880 415 (Hampsicora-²:301
899 385 947 390 —-
976 360 1087 413 ημᾶς
1113 357 1251 413 λέγειν
1276 356 1400 398 uncis
1437 356 1626 398 incluse-

162 420 292 469 runt,
330 430 415 471 quo
434 415 546 457 facto
567 412 635 456 ὅτι
663 416 828 459 nullam
860 415 1070 461 rationem
1102 414 1258 466 habet,
1294 418 1540 471 postremo,
1578 416 1628 455 ut

162 487 231 515 ine
260 472 530 524 contineam,
576 472 760 513 Vaterns
790 471 980 513 absurde
1008 471 1120 513 hunc
1147 471 1180 514 1.
1210 470 1498 526 interpunxit.
1555 467 1628 512 ἵνα

162 526 279 586 ἔλθῃ
298 526 353 569 τὰ
374 526 542 582 ἀγαθά]
572 528 627 569 cs.
651 527 787 570 LXX
805 528 897 572 Jcr.
924 530 988 581 17,
998 529 1041 572 6.
1062 530 1085 569 l
1099 526 1201 571 Cor.
1226 527 1293 581 13,
1308 528 1393 571 10..
1450 525 1627 579 Fuisse,

161 585 236 641 qui
255 586 348 641 Ap.
370 590 413 626 et
434 584 545 624 mala
570 589 849 640 perpetrare,
874 591 926 626 'ut
945 589 1181 626 nascantur
1199 584 1309 626 bona
1328 586 1372 625 et
1395 582 1508 635 idem
1536 581 1626 624 dis-

160 641 321 698 cipulis
357 640 609 696 praecipere
649 641 1013 693 criminarentur,
1054 640 1218 683 diserte
1251 639 1304 684 P.
1343 639 1457 682 dixit
1496 654 1538 683 V.
1566 639 1627 682 8..

161 695 252 740 Sed
270 710 411 752 neque
433 709 510 737 eos
530 696 782 749 nominavit,
815 697 889 752 qui
911 697 978 737 liis
999 711 1046 738 se
1065 697 1320 740 criminibus
1342 699 1630 748 arcesserent,

158 766 300 808 neque
320 751 525 809 quidnam
546 751 615 792 illi
643 753 816 807 sequuti
843 752 950 794 talia
980 753 1160 796 crimina
1189 757 1452 812 spargerent
1482 752 1629 794 decla-

157 809 290 853 ravit.
349 807 624 864 Quamquam
661 808 872 850 credibile
901 813 995 861 est,
1033 810 1239 863 Judaeos,
1279 814 1514 868 perpetuos
1534 809 1628 865 Ap.

159 864 440 908 adversarios
480 870 524 907 et
566 864 641 921 qni
672 879 768 906 eum
801 864 858 906 ad
890 864 1227 907 internecionem
1257 870 1629 923 persequerentur

158 923 268 973 Aet.
287 922 438 976 21‚28.
459 936 528 978 sq.
558 921 636 963 illa
670 921 900 963 maledicta
930 921 974 963 in
995 919 1048 966 P.
1082 922 1340 966 contulisse.
1396 923 1486 978 Qui
1517 921 1557 964 si
1573 920 1629 966 P.

156 979 265 1022 talia
284 980 448 1022 dixisse
464 983 788 1036 compererant,
819 979 968 1035 qualia
989 979 1118 1023 Rom.
1140 979 1262 1032 5,20.
1283 980 1375 1035 (ubet
1406 985 1535 1022 auctu
1566 982 1633 1021 est

156 1037 325 1092 peccati
344 1037 405 1079 vis
425 1050 556 1090 supra
577 1050 704 1092 (siccem
735 1038 885 1078 credas
918 1036 1117 1090 opulenta
1146 1037 1317 1078 etz-stitit
1340 1037 1427 1078 Dei
1457 1036 1630 1078 benevo-

158 1093 319 1145 lentim
359 1092 415 1135 cf.
443 1091 613 1145 Chrys„
665 1092 873 1136 Theodor.
913 1098 957 1134 et
986 1092 1224 1147 Theophyl.
1262 1092 1318 1133 ad
1345 1098 1544 1135 nostrum
1573 1091 1630 1146 1.)

159 1153 204 1191 et
227 1151 250 1190 1
270 1147 373 1192 Cor.
392 1149 500 1201 9,20
519 1174 572 1180 -
589 1148 661 1192 22.
681 1150 868 1204 (omnes,
904 1153 954 1191 ut
975 1149 1185 1201 Proteus,
1213 1148 1382 1205 formas
1411 1150 1549 1201 oldai,
1581 1152 1630 1189 ut

160 1205 326 1249 Christo
355 1206 581 1260 discipulos
609 1205 866 1259 colliyerem)
896 1205 1099 1262 scripsit,
1139 1205 1361 1249 malitiosa
1397 1218 1627 1262 argumen-

160 1262 323 1304 tatione
352 1262 430 1303 illa
458 1262 637 1303 erimina
665 1276 688 1303 e
712 1259 763 1305 P.
793 1261 924 1303 dictis
953 1263 1211 1319 exsculpere
1241 1267 1460 1319 poterant.
1517 1261 1628 1304 For-

159 1323 279 1361 tasse
304 1319 432 1361 etiam
457 1318 640 1371 Iudaei,
681 1317 798 1374 qnod
826 1316 879 1362 P.
906 1318 1149 1361 doctrinam
1181 1319 1360 1373 christ.,
1399 1319 1629 1376 sempiter—

159 1390 239 1418 nae
258 1375 486 1417 felicitatis
505 1376 689 1428 fontem,
730 1390 825 1416 cum
848 1375 1087 1430 gentilibus
1117 1376 1450 1418 communicavit
1479 1381 1523 1417 et
1553 1376 1628 1416 ho-

158 1433 297 1475 mines
317 1432 470 1476 christ.
492 1447 514 1474 e
536 1432 649 1487 legis
678 1446 788 1474 mos.
816 1431 1049 1488 tyrannide
1081 1438 1278 1474 exemtos
1307 1434 1447 1475 voluit
1467 1433 1569 1474 Gal.
1588 1431 1631 1482 3,

158 1489 256 1542 25„
287 1490 350 1531 sic
368 1488 651 1546 interpretati
671 1493 798 1531 sunt:
830 1489 947 1530 mala
977 1503 1072 1530 eum
1097 1494 1351 1544 perpetrare
1376 1489 1444 1544 (h.
1473 1503 1512 1531 e.
1532 1487 1627 1529 Μο-

158 1545 222 1588 sis
241 1546 384 1600 legem
402 1559 499 1586 eum
528 1544 760 1600 antiquare
780 1545 887 1587 Act.
907 1545 1058 1598 21‚28.
1091 1549 1134 1586 et
1164 1559 1318 1587 novam
1350 1544 1629 1602 disciplinam

158 1600 343 1644 condere
374 1602 483 1645 Act.
512 1600 683 1654 24,5.)‚
723 1604 771 1643 ut
804 1588 915 1642 bosna
948 1606 1184 1643 nascantur
1212 1601 1266 1656 (i.
1295 1617 1334 1645 e.
1364 1607 1413 1643 ut
1439 1601 1631 1656 gentiles

155 1659 251 1702 veri
276 1658 367 1701 Dei
394 1657 595 1700 notitiam
627 1656 818 1699 habeant
844 1655 950 1699 Act.
976 1656 1047 1709 26,
1071 1656 1139 1699 18.
1170 1661 1213 1699 et
1246 1658 1364 1699 beati
1392 1657 1633 1699 reddantur

159 1718 184 1758 1
203 1715 366 1758 Thess.
384 1715 426 1769 2,
441 1715 548 1770 16.).
603 1713 727 1756 Haec
745 1713 860 1755 ratio
883 1713 990 1755 mihi
1011 1714 1252 1770 perplacet.
1315 1714 1491 1772 Optime
1517 1713 1628 1758 enim

159 1773 223 1815 sic
239 1770 310 1814 ἵνα
330 1770 444 1829 ἔλθῃ
460 1770 515 1812 τὰ
538 1767 688 1827 ἀγαθά
708 1775 753 1813 ut
781 1769 892 1813 bona
920 1775 1141 1825 emeryunt
1170 1770 1200 1815 i.
1231 1786 1271 1815 e.
1301 1776 1348 1813 ut
1365 1771 1453 1814 Dea·
1482 1785 1633 1813 nomen

159 1829 320 1873 celebre
335 1826 419 1882 fiat
440 1830 554 1871 inter
571 1841 766 1883 paycmos
788 1826 843 1868 ad
863 1826 1068 1884 superius
1089 1825 1203 1868 dieta
1225 1828 1301 1883 (cf.
1322 1829 1417 1871 v.7.
1436 1853 1490 1861 -ν
1521 1825 1632 1869 ἒπε-

160 1883 391 1941 ρίσσευσεν
412 1882 492 1933 εἰς
511 1884 606 1940 τὴν
625 1880 761 1933 δόξα
775 1899 796 1924 ν
817 1879 913 1925 αὐτ
927 1900 949 1925 ο
966 1885 1010 1938 ῦ)
1031 1882 1233 1940 quadrat.
1293 1876 1371 1939 ὧν]
1400 1883 1498 1926 Hoc
1520 1882 1631 1926 Pro,-

159 1955 315 1984 nomen
336 1941 415 1982 alii
433 1940 490 1982 ad
511 1939 626 1989 τινές
651 1940 874 1984 referunt:
909 1954 1093 1996 quorum
1122 1941 1462 1983 conviciatorum
1492 1955 1632 1998 poena

157 2002 277 2055 (nam
301 1995 350 2038 τὸ
374 1996 508 2052 κρίμα
527 1996 570 2039 h.
591 1997 624 2039 l.
644 1997 789 2039 valere
802 1993 1017 2052 judicium
1034 2010 1112 2054 quo
1134 1998 1226 2052 quis
1244 1998 1544 2041 condemnetur
1561 2011 1631 2037 co-

159 2055 385 2098 haerentia
407 2053 554 2107 doeet)
566 2052 689 2111 justa
709 2059 777 2095 est
795 2052 886 2096 i.'e.
906 2053 960 2094 ah
979 2053 1048 2094 his
1069 2053 1438 2096 cemiciatoribus
1466 2067 1634 2110 poenas

160 2111 308 2169 expeti
328 2109 751 2168 verumjustumque
775 2114 844 2150 est
871 2110 921 2165 (2
940 2108 1042 2152 Cor.
1067 2111 1263 2164 11,15.),
1303 2110 1381 2151 alii
1409 2108 1465 2150 ad
1492 2109 1632 2165 ποιή-

161 2182 304 2222 σωμεν
338 2167 561 2226 pertinere
602 2170 759 2223 putant
798 2166 842 2210 h.
872 2180 936 2210 r.:
975 2159 1032 2206 ὧν
1061 2167 1158 2209 scil.
1189 2167 1274 2207 τῶν
1305 2166 1551 2208 ποιούντων
1579 2164 1631 2207 τὰ

162 2222 286 2274 κακὰ,
316 2221 387 2265 ἵνα
408 2221 522 2280 ἔλθῃ
543 2221 596 2264 τὰ
620 2218 769 2279 ἀγαθὰ
779 2254 793 2274 ,
824 2222 874 2264 τὸ
896 2219 1030 2276 κρίμα
1051 2239 1087 2264 κ.
1107 2239 1143 2263 z.
1166 2223 1203 2263 λ.
1224 2223 1415 2264 homines
1436 2227 1529 2264 tam
1544 2237 1632 2264 sce-

162 2280 289 2322 lestos
300 2279 452 2335 justae
471 2293 635 2335 poenae
652 2283 842 2321 manent.
899 2277 1130 2320 Posterior
1158 2280 1378 2320 sententia
1408 2278 1514 2320 mihi
1544 2293 1633 2320 me-

160 2336 249 2377 lius
269 2337 437 2393 placet,
470 2350 555 2378 non
578 2334 694 2391 quod
714 2349 870 2392 parum
897 2334 1107 2376 credibile
1139 2336 1220 2387 sit,
1251 2333 1461 2387 Paulum,
1492 2335 1631 2377 virum

161 2393 369 2449 optimum
382 2426 393 2446 ,
422 2392 611 2434 inimicis
632 2392 725 2434 suis
745 2390 832 2435 div.
858 2391 1094 2434 vindictam
1114 2397 1373 2448 exasperato
1393 2391 1539 2433 animo
1558 2391 1632 2434 de-

161 2449 386 2490 nuntiasse
417 2450 518 2505 (hoc
547 2450 663 2490 enim
694 2453 997 2503 argumentum
1029 2448 1306 2501 ambiguum,
1351 2452 1426 2490 aut
1464 2449 1633 2490 nullum

161 2505 310 2563 potius
339 2509 408 2546 est
439 2504 556 2549 Phil.
577 2505 618 2558 3,
630 2505 672 2548 2.
703 2505 732 2546 2
753 2504 794 2546 T
798 2504 950 2547 imoth.
971 2505 1099 2556 4,14.
1130 2507 1184 2547 el.
1209 2505 1323 2558 112),
1363 2504 1439 2547 sed
1472 2505 1551 2546 has
1580 2505 1634 2546 ob

162 2568 331 2604 causas.
392 2559 664 2617 Quamquam
695 2562 811 2602 enim
834 2560 886 2604 P.
914 2561 1198 2612 attractione,
1238 2575 1365 2616 quam
1394 2576 1529 2619 supra
1557 2577 1633 2603 ex-

194 2617 321 2670 licui,
360 2632 466 2658 usus
501 2623 592 2670 est,
631 2622 805 2669 tamen,
845 2617 1102 2674 priusquam
1134 2609 1191 2657 ὧν
1218 2617 1266 2660 τὸ
1299 2618 1434 2673 κρίμα
1467 2616 1635 2660 ἔνδικόν

162 2690 258 2718 εστι
279 2677 509 2726 exararet,
546 2673 642 2731 ejus
660 2673 804 2714 animo
826 2674 868 2714 οἱ
888 2674 1120 2721 ποιοῦντες
1141 2671 1194 2713 τὰ
1218 2674 1325 2719 κακὰ
1346 2672 1416 2715 ἵνα
1439 2672 1553 2730 ἔλθη
1581 2672 1634 2715 τὰ

162 2729 312 2787 ἀγαθά
331 2730 533 2784 μνοχῐηιε
561 2729 782 2771 obversati
810 2732 927 2772 sunt.
985 2728 1159 2770 Deinde
1191 2727 1242 2772 P.
1271 2745 1292 2770 a
1328 2731 1499 2773 tissime
1525 2720 1573 2774 li.
1602 2730 1633 2773 l.

165 2787 362 2829 homines
385 2785 656 2840 flagitiosoS,
694 2784 767 2840 qui
799 2786 912 2826 mala
944 2784 1029 2827 sibi
1057 2745 1344 2842 perpetranda
1376 2791 1550 2844 putent,
1589 2792 1634 2828 nt

165 2844 274 2886 bona
298 2846 535 2885 nascantur
568 2841 865 2891 abominetur,
907 2841 1017 2883 sicut
1047 2857 1177 2900 supra
1213 2843 1388 2901 impiam
1418 2859 1457 2888 v.
1492 2843 1533 2887 5.
1564 2856 1633 2883 ar-
