1752 3347
498 109 656 154 CAP.
693 107 777 153 Vl.
824 107 917 153 Vs,
951 107 1036 153 17..
1404 103 1492 147 415

12 217 232 275 Quoniam
253 231 345 261 voc.
363 216 492 273 χάρις
514 217 766 274 primariam
787 216 871 258 vim
893 215 1024 257 habet
1043 217 1210 270 (φατες
1229 214 1374 254 autem
1390 211 1489 253 Deo

13 276 351 335 persolvantur,
392 274 630 330 quod—-),
669 273 831 315 idcirco
859 273 1000 330 primo
1029 272 1061 316 l.
1082 271 1274 328 positum
1305 274 1402 322 est,
1439 273 1490 311 ut

10 334 40 374 2
59 330 163 374 Cor.
183 332 225 383 8,
247 333 316 374 16.
347 332 388 383 9,
417 331 486 374 15.
553 330 717 373 Contra
749 330 824 372 ubi
855 331 898 371 in
922 329 1008 372 Dei
1034 327 1299 382 cogitatione
1317 324 1491 385 pondus

11 387 249 441 recumbit,
289 387 649 430 (uemadmodum
673 402 745 429 res
769 387 990 444 postulat,
1030 386 1100 440 τῷ
1133 385 1187 427 δὲ
1218 387 1329 440 θεῷ
1360 379 1490 438 χάρις

13 444 175 487 dicitur
194 458 236 487 v.
259 446 283 485 1
319 444 399 488 *or.
421 443 488 497 15,
507 445 578 487 57.
610 444 750 487 2Cor.
770 446 812 497 2,
835 445 905 486 14.
961 441 1030 484 ὅτι
1053 438 1128 496 ἦτε
1150 442 1186 482 (5.
1209 456 1246 483 τ.
1262 437 1381 493 (Λμ,
1414 438 1488 482 ὑπ.

14 501 75 556 6.]
108 500 227 542 Male
254 516 336 543 van
357 500 522 555 Ilenqel
542 501 733 554 (Annot.
762 501 807 541 in
836 500 869 541 l.
897 498 1104 540 nonnulla
1128 496 1259 540 N.T.
1288 497 1489 540 Amstel.

13 557 346 615 1824.p.124.)‚
374 555 557 607 Rueck„
586 556 637 597 de
665 555 843 598 ll'ette'us
863 555 907 597 in
927 555 1105 596 libello:
1134 555 1294 609 Rutfie
1325 555 1488 610 OErfbb.

11 616 90 662 ἓν.
111 629 163 660 on
197 617 257 660 bie
283 615 447 662 fflssmct‘.
479 613 592 668 ἓείρό.
615 609 740 655 1835.
772 627 815 668 p.
835 613 929 664 69„
969 612 1030 655 al.
1059 609 1246 653 Paulum
1281 616 1382 668 post
1412 611 1489 666 ἠτε

11 672 209 714 voculam
226 668 306 723 μέν
325 668 559 711 reticuisse
578 668 827 726 perhibent.
886 667 1053 710 Eodem
1077 667 1232 719 Grotiz',
1261 667 1407 723 Kopp.
1429 668 1490 710 al.

11 728 160 785 opinio
192 725 332 780 redit,
369 726 447 782 qui
476 726 571 783 Ap.
599 739 680 782 per
705 724 1020 767 Hebraismum
1049 722 1341 767 Indicativum
1367 724 1491 766 verbi

8 798 105 826 cum
126 783 377 842 copulativa
401 782 704 841 conjunctione
725 783 821 824 viee
841 779 1078 838 Participii
1097 795 1338 838 usurpasse
1361 779 1492 822 dicti-

9 844 163 883 taruut
187 855 295 898 pro:
323 865 380 872 —
411 837 480 881 ὅτι
521 841 627 897 πρὶν
654 840 751 893 μὲν
780 832 901 888 ’ὄντες
941 838 1097 880 δοῦλοι
1124 853 1162 879 τ.
1194 835 1287 887 ‘A.,
1334 838 1408 879 νῦν
1439 838 1488 879 δὲ

13 892 297 954 ὑπηκούσατε
311 911 397 939 mv.
411 892 461 938 ἓ..
490 894 730 954 Perperam
753 894 927 954 quidem
943 893 996 939 P.
1015 894 1144 936 binas
1163 895 1424 947 sententias,
1442 898 1493 936 ut

11 955 154 996 altera
187 953 243 995 ad
275 954 461 995 alteram
490 954 752 1005 referretur,
800 952 1127 1010 compositurus
1156 952 1492 1008 compositionis

9 1010 199 1053 indicem
218 1007 298 1063 μέν
322 1010 716 1067 praetermisisset.
793 1009 883 1053 Sed
913 1009 989 1066 qui
1019 1023 1073 1051 ne
1104 1009 1366 1051 sententiam
1390 1008 1490 1065 qui-

9 1066 109 1109 dem
130 1066 243 1109 illud
264 1074 552 1110 commentum
574 1069 771 1126 recipere
789 1066 1096 1121 contenderet,
1138 1067 1244 1122 quia
1262 1066 1343 1107 hoc
1364 1069 1493 1123 pacto

10 1124 181 1180 gratias
207 1122 307 1166 Deo
336 1125 430 1181 Ap.
470 1124 662 1179 agendas
704 1139 802 1167 esse
832 1128 1056 1175 censeret,
1106 1127 1198 1165 tum
1237 1128 1494 1181 propterea,

9 1182 119 1238 quod
140 1181 315 1224 Peccata·
330 1182 519 1224 ministra·
537 1181 724 1238 ficissent
743 1181 822 1237 (2),
850 1188 943 1224 tum
966 1180 1154 1234 idcirco,
1196 1181 1299 1237 quia
1324 1184 1493 1221 mutato

10 1239 117 1280 hero
156 1236 383 1280 doctrinae
419 1238 601 1292 christ.,
641 1239 824 1296 pietatis
860 1238 1125 1293 magistrae,
1168 1253 1266 1280 sese
1292 1236 1494 1294 addixis-

12 1298 135 1349 sent,
173 1294 213 1336 is
229 1309 330 1337 vero
353 1295 502 1353 inepte
526 1301 824 1351 argutaretur.
906 1296 1068 1338 Grates
1099 1296 1213 1337 enim
1238 1294 1315 1347 P.,
1347 1294 1387 1335 si
1417 1294 1493 1350 ἦτε
1557 1306 1582 1314 ““

9 1367 41 1406 μ
55 1350 112 1394 έν
141 1351 425 1408 scripsisset,
456 1352 553 1394 Deo
575 1354 863 1410 persolveret,
894 1351 1011 1409 quod
1032 1368 1163 1409 quum
1185 1351 1362 1394 Peccati
1380 1351 1494 1393 fuis-

11 1412 112 1451 sent
141 1408 339 1451 ministri
365 1408 592 1451 doctrinae
624 1409 712 1454 div.
749 1425 847 1452 sese
876 1408 1153 1451 dedidissent
1177 1409 1223 1453 11.
1254 1424 1294 1452 e.
1326 1407 1442 1464 quod
1470 1422 1493 1449 e

11 1463 185 1507 Peccati
213 1466 437 1508 ministris
468 1465 656 1510 Pietatis
686 1467 879 1509 cultores
911 1466 1194 1508 exstitissent
1223 1467 1285 1522 (v,
1316 1468 1408 1508 not.
1436 1464 1493 1506 ad

11 1520 175 1567 Matth.
198 1537 242 1580 p.
260 1523 361 1567 287.
382 1528 427 1565 et
444 1525 546 1567 412.
567 1527 674 1580 sq.).
744 1523 861 1579 Quin
882 1537 1036 1580 parum
1057 1524 1127 1580 illj
1149 1523 1279 1582 hujus
1298 1523 1330 1565 l.
1354 1523 1493 1564 ratio-

8 1593 110 1621 nem
173 1594 244 1622 ers
280 1589 482 1625 exerunt.
570 1580 814 1638 Praecipua
845 1581 911 1622 vis
944 1581 989 1622 in
1020 1594 1062 1623 v.
1092 1581 1167 1636 ἠτε
1196 1579 1392 1637 reposita
1421 1584 1493 1621 est

11 1594 208 1691 (Reiclliq
239 1595 450 1693 R'oelln.)⁸
517 1637 635 1679 Nam
663 1652 749 1680 non
770 1643 937 1679 temere
961 1637 1111 1678 statim
1137 1642 1240 1694 post
1262 1633 1333 1678 ὅτι
1355 1636 1492 1677 collo-

9 1696 154 1734 catum
183 1697 254 1735 est
280 1697 342 1747 (V.
360 1694 474 1751 Eph.
493 1693 534 1747 5,
554 1695 637 1748 8.).
713 1693 804 1749 Qui
832 1693 946 1735 illud
973 1699 1192 1747 negarunt
1222 1707 1397 1735 versum
1415 1692 1490 1736 20.

9 1750 220 1791 antestati
240 1750 444 1805 (Henyel.
460 1752 492 1793 l.
513 1751 574 1805 c.)
588 1783 600 1803 ,
631 1765 711 1808 per
727 1750 1055 1792 festinationem
1078 1749 1134 1791 ad
1151 1763 1269 1792 vocc.
1291 1748 1491 1791 ordinem

8 1819 95 1846 non
118 1805 416 1848 attenderant.
482 1806 634 1860 Quare
656 1806 875 1848 sententia
904 1806 1010 1847 haec
1032 1810 1125 1849 est:
1161 1810 1313 1860 grates
1345 1810 1492 1848 autem

6 1861 107 1903 Deo
144 1868 362 1916 agantur,
413 1860 532 1916 quod
569 1863 747 1904 eratis
784 1861 980 1905 ministri
1018 1860 1197 1904 Peccati
1227 1863 1271 1906 h.
1301 1877 1341 1906 e.
1374 1862 1493 1919 quod

6 1921 183 1974 tempus
208 1932 293 1974 quo
316 1915 503 1959 Peccato
524 1916 764 1959 obediretis
782 1917 1031 1975 praeteriit.
1101 1917 1305 1976 Scriptor
1334 1920 1493 1961 verbo-

6 1987 105 2016 rum
131 1973 423 2030 parcissimus
458 1974 683 2016 vocabulis
708 1990 748 2027 χ.
782 1976 822 2018 δ.
849 1990 887 2016 τ.
915 1976 991 2024 «9.,
1030 1971 1101 2017 ὅτι
1129 1970 1204 2031 ἦτε
1234 1975 1391 2018 δοῦλοι
1412 1977 1492 2033 τῆς

0 2028 92 2083 Ἀμ.
121 2031 352 2073 defunctus
383 2036 518 2075 esset.
593 2030 710 2073 Nam
740 2046 873 2088 quum
907 2045 1004 2073 esse
1034 2036 1077 2073 te
1111 2037 1187 2074 aut
1210 2031 1387 2075 Peccati
1413 2038 1491 2076 aut

7 2085 201 2130 Pietatis
223 2088 473 2130 ministrum
494 2102 673 2130 necesse
692 2103 790 2130 esse
812 2103 851 2133 v.
872 2089 940 2133 16.
961 2089 1225 2131 affirmatum
1247 2094 1382 2143 esset,
1414 2089 1491 2146 qui

9 2158 97 2186 non
123 2146 316 2203 amplius
334 2143 514 2187 Peccati
544 2145 738 2187 ministri
769 2150 919 2188 essent
945 2160 1020 2188 eos
1047 2147 1103 2189 ad
1126 2147 1364 2199 Pietatem,
1418 2146 1490 2188 cui

9 2201 388 2259 obtemperarent,
442 2216 490 2244 se
522 2202 762 2259 contulisse
790 2202 935 2259 quiris
963 2203 1217 2258 intelligere
1249 2203 1489 2260 potuisset.

10 2256 102 2300 Sed
146 2260 380 2302 verborum
429 2259 501 2302 ὅτι
539 2260 631 2315 ἦτε
672 2259 877 2302 δοῦλοι
915 2274 952 2301 τ.
982 2256 1085 2313 ‘Apa
1125 2260 1213 2303 vim
1254 2261 1487 2302 enucleare

11 2329 138 2357 suum
164 2315 290 2358 duxit
309 2317 429 2373 Ap.;
470 2315 587 2372 quod
608 2314 776 2358 duobus
800 2316 1006 2358 membris
1028 2331 1111 2374 per
1130 2316 1181 2359 δέ
1199 2318 1388 2373 (autem)
1408 2333 1488 2360 cm-

9 2373 136 2414 neoez's
181 2369 488 2430 (ὑπηκούσατε
538 2373 597 2415 δὲ
635 2398 691 2403 —
730 2371 1111 2430 ἐλευθερωθέντες
1148 2374 1206 2417 δὲ
1237 2375 1326 2429 -—-)
1364 2375 1485 2418 fecit.

8 2425 264 2472 Persimilis
288 2431 322 2474 l.
355 2433 427 2471 est
454 2429 570 2486 Eph.
596 2428 645 2487 5,
663 2429 733 2483 8.,
784 2430 861 2472 ubi
892 2445 1049 2472 rursus
1073 2430 1232 2475 Rueck.
1255 2430 1325 2486 Δἦ),
1371 2432 1486 2473 male

10 2485 209 2541 quidem,
248 2485 328 2540 μέν
358 2487 544 2543 expetiit
570 2488 669 2542 (ἦτε
697 2487 796 2540 μὲν
825 2487 906 2543 γάρ
933 2502 1045 2529 ποτε
1066 2484 1258 2543 σκότος).
1314 2487 1486 2546 Nempe

9 2542 254 2586 cohortatio
274 2557 341 2588 VS.
359 2544 402 2588 7.
422 2544 762 2602 comprehensa:
800 2544 929 2587 nolite
951 2558 1046 2587 cum
1066 2543 1304 2587 hominibus
1324 2546 1484 2602 impro-

7 2732 19 2737 ”
48 2732 87 2778 >²²)
114 2731 227 2776 Hujus
246 2729 311 2764 viri
335 2730 486 2765 Paulum
507 2744 612 2778 saepe
628 2732 696 2777 μέν
722 2731 814 2766 male
843 2731 1123 2777 praetermisisse
1151 2732 1287 2778 opinati
1307 2733 1479 2767 sententia

97 2776 364 2822 cujusmodi'sit
384 2776 478 2813 infra
497 2778 638 2813 dicetur
655 2779 698 2814 ad
717 2778 749 2817 7,
773 2780 826 2813 14.

1551 1878 1608 1925 i
