1752 3347
510 112 665 159 CAP.
701 112 786 159 Vl.
840 113 932 159 Vs.
964 114 1048 159 19..
1429 114 1510 153 421

52 217 124 261 κοί
144 218 423 274 lCor‚.3,l.).
454 218 559 262 Diei
578 224 720 262 autem
743 219 797 262 ab
817 221 1051 278 insipiente
1073 233 1256 278 corpore
1277 218 1511 276 (v.not.ad

52 277 144 319 ηδ’.
166 275 308 332 p..379
319 277 410 332 sq.)
429 282 685 332 prognatam
705 278 999 319 infirmitatem
1012 277 1250 320 intellectus
1260 276 1513 319 tarditatem

47 331 205 386 ffleuq.
219 331 377 375 Ileum.
398 334 503 386 aL),
533 347 617 376 non
638 334 771 376 animi
785 334 1048 389 pravitatem
1069 348 1123 375 ex
1148 348 1197 375 eo
1216 333 1373 384 elucet,
1396 330 1510 388 quod

48 390 144 446 Apa·
155 389 278 431 v.-19.
290 402 358 444 sq.
369 389 558 444 positam
573 404 614 433 v.
627 390 693 433 18.
713 405 728 432 ι
740 405 857 431 ocem
871 391 913 431 in
927 388 1004 445 τὴν
1013 387 1248 431 ἀσθένειαι·
1260 405 1278 430 z
1289 391 1337 444 ἧς
1349 389 1514 442 σαρκός

47 443 261 486 lectorum
278 443 467 488 intuitus
485 446 680 503 exponit.
737 444 940 487 Solemus
963 446 1079 487 enim
1107 451 1289 486 mentem
1319 449 1519 485 nostram-

48 501 188 555 magis
209 502 445 558 explanare
465 506 722 559 propterea,
755 500 870 558 quod
897 502 1109 542 lectorum
1141 502 1318 556 ingenio
1347 499 1512 541 distidi-

48 559 162 601 mus.
219 556 392 613 Quodsi
408 559 504 624 Ap.
532 561 708 614 praeter
740 557 907 612 ingenii
935 557 1186 599 tarditatem
1216 558 1268 613 τῇ
1298 552 1511 612 ἀσθενείᾳ

45 615 125 668 τῆς
145 609 310 669 σαρκός
329 612 500 670 aliquid
520 613 699 655 subesse
717 614 880 667 voluit,
919 628 1012 656 eam
1041 613 1176 655 animi
1205 612 1510 654 hebetudinem

45 669 280 711 indicatam
302 685 401 712 esse
420 670 575 723 credo,
612 670 697 727 qua
725 670 776 711 lit
803 676 852 712 ut
880 685 963 711 nou
994 670 1080 712 nisi
1108 670 1316 726 gravibus
1338 676 1380 710 et
1402 684 1513 725 quae

45 727 339 770 vehementem
360 728 503 769 animo
523 733 686 769 motum
707 725 896 768 afferant
908 727 1058 768 verbis
1078 727 1330 768 enuntiatae
1349 728 1412 768 rei
1429 727 1513 767 vim

44 783 433 841 persentiscamus.
495 787 533 824 Γ
530 783 587 840 ἄρ
611 795 761 838 nempe
788 782 1001 827 declarat.
1058 782 1256 840 Exponit
1285 789 1427 825 autem
1460 780 1511 824 P.

45 853 137 883 rem
175 845 353 894 propter
387 841 595 884 lectorum
628 839 968 883 imbecillitatem
1011 841 1275 884 accuratius.
1362 838 1513 895 Quare

45 910 177 952 quum
190 909 231 940 v.
242 893 488 954 ὥσπερ-γὰρ
502 909 542 940 κ.
554 912 594 940 τ.
608 892 645 940 ἓ.
655 911 749 939 cnm
763 911 881 941 voce.
894 894 1023 951 ἄνι’)ρ.
1035 895 1147 951 λέγω
1170 897 1195 937 ὅ
1203 913 1218 938 ι
1229 893 1258 937 (ἒ
1275 913 1296 936 τ
1310 894 1333 952 ὴ
1349 914 1368 937 ιι
1390 895 1417 937 ἀ
1427 911 1454 937 σ
1463 900 1511 937 1⁴}-

43 967 83 994 τ.
107 965 148 995 σ.
165 947 207 996 ὖ.
237 957 358 995 arcte
385 954 671 1006 cohaereant,
704 953 737 996 ii
762 953 1004 1007 falluntur,
1043 954 1118 1009 qui
1142 952 1272 1006 ἀιιῧρ.
1293 953 1331 994 λ.
1352 954 1388 994 δ.
1407 968 1444 993 τ.
1471 950 1511 992 ἀ.

43 1024 80 1052 τ.
99 1020 142 1053 σ.
160 1003 200 1052 ὖ.
231 1007 278 1051 in
308 1011 592 1067 parenthesin
619 1008 905 1064 abdiderunt,
943 1015 992 1052 ut
1020 1011 1171 1066 ὥσπερ
1195 1009 1278 1065 γὰρ
1297 1026 1334 1051 κ.
1362 1025 1402 1053 τ.
1432 1006 1468 1053 ἑ.
1490 1023 1513 1050 e

45 1079 230 1111 roem-V.—
249 1065 319 1111 18.
341 1065 624 1124 ἐδουλώθητε
646 1082 684 1109 τ.
705 1068 758 1109 Δ.
781 1073 882 1124 apta
903 1072 1053 1108 essent
1100 1066 1302 1121 Kmepp„
1340 1066 1380 1108 V
1376 1071 1486 1109 ater.
1503 1097 1514 1117 ,

47 1120 232 1176 Βαράκ.
259 1121 408 1166 ΙῖεἰοῘι.
429 1122 524 1179 aL).
582 1122 705 1165 Haec
734 1129 804 1165 est
830 1124 966 1179 igitur
997 1122 1048 1167 P.
1108 1123 1344 1180 isputatio:
1380 1148 1424 1155 -
1469 1123 1513 1163 in

42 1178 306 1222 Honestatis
340 1180 588 1223 servitutem
614 1180 816 1226 venistis.
887 1180 1090 1222 Humana
1121 1194 1235 1223 voce
1253 1186 1355 1221 utor
1392 1179 1445 1234 (i.
1475 1194 1514 1222 e.

43 1235 272 1294 asperiore
299 1236 378 1278 illa
401 1235 597 1293 quidem,
630 1236 708 1279 sed
730 1251 783 1279 ex
807 1238 1027 1279 hominum
1053 1235 1262 1293 loquendi
1281 1241 1514 1278 consuetu-

41 1291 388 1351 dinedepromta
411 1297 458 1335 et
482 1293 688 1351 populari
711 1293 894 1350 quadam
914 1294 1078 1336 trutina
1103 1291 1389 1335 examinanda
1414 1298 1517 1333 utor
1570 1313 1619 1369 Σ

39 1349 253 1408 ssurmula)
271 1355 454 1408 propter
472 1350 637 1406 ingenii
658 1351 794 1393 vestri
815 1350 1069 1393 tarditatem
1092 1349 1314 1406 animique
1333 1349 1515 1391 hebetu-

41 1404 187 1448 dinem
213 1409 368 1463 (ergo:
408 1414 501 1464 quo'
526 1406 684 1450 melius
712 1406 817 1464 quid
844 1408 949 1450 mihi
976 1408 1224 1450 velimtum
1252 1406 1519 1460 intelligatis

43 1467 139 1506 tum
155 1463 399 1518 sentiatis).
454 1463 628 1521 Nempe
654 1463 722 1519 (h.
743 1478 783 1508 e.
811 1471 858 1506 ut
878 1470 1054 1507 vestrae
1075 1462 1322 1505 infirmitati
1340 1463 1513 1520 prospi-

0 1518 8 1576 ἶ
41 1519 164 1568 υἱέας
192 1535 285 1564 rem
304 1521 554 1563 accuratius
575 1521 826 1578 explanem)
858 1520 1218 1577 quemadmodum
1247 1519 1515 1562 exhibuistis

0 1577 6 1676 ἶ
42 1576 235 1620 membra
260 1582 406 1622 vestra
427 1593 551 1621 serva
569 1577 623 1633 (i.
641 1592 682 1621 e.
705 1593 816 1634 quae
839 1590 888 1620 se
905 1577 959 1618 ad
982 1576 1043 1619 lm
1079 1576 1258 1619 uritatis
1280 1577 1515 1619 arbitrium

0 1689 4 1746 ζ
42 1704 157 1732 nuuc
174 1691 381 1733 exhibete
406 1696 530 1732 artus
550 1696 723 1732 vestros
750 1704 892 1732 servos
916 1690 981 1745 (h.
1000 1706 1041 1734 e.
1062 1692 1136 1745 qui
1162 1704 1210 1731 se
1231 1688 1287 1730 ad
1311 1688 1514 1731 Probita-

0 1767 4 1795 ,ι
42 1747 101 1789 tis
126 1750 280 1789 nutum
301 1751 420 1789 totos
443 1747 631 1801 fingant)
663 1744 882 1788 Probitati
901 1771 980 1790 ——.
1039 1745 1164 1802 Quos
1195 1760 1327 1801 supra
1353 1747 1515 1803 scripsi

0 1803 3 1826 ⁷
42 1803 313 1859 interpretes
334 1803 439 1844 bene
459 1802 627 1844 vidisse
642 1835 653 1853 ,
682 1802 829 1844 verbis
851 1798 1135 1858 ἀνθρώπινον
1154 1801 1265 1856 λέγω
1296 1803 1333 1844 ὁ.
1359 1818 1392 1842 1.
1417 1799 1456 1844 ἆ.
1478 1819 1511 1845 τ.

0 1856 3 1879 ³
44 1871 87 1901 σ.
107 1852 146 1900 ὖ.
168 1872 287 1902 voce.
303 1872 344 1900 v.
366 1858 435 1901 18.
457 1855 742 1912 ἐδουλώθητε
760 1873 800 1901 τ.
823 1859 879 1900 A.
899 1859 1128 1911 excusari,
1157 1859 1187 1899 ii
1209 1873 1287 1899 eur
1308 1857 1360 1901 Ρ.
1384 1856 1514 1900 ἕδου-

43 1911 221 1969 λώθητε
240 1916 306 1972 ’τῇ
334 1916 388 1955 Δ.
415 1914 696 1956 excusaverit
723 1914 882 1970 partim
915 1929 997 1955 non
1023 1915 1332 1955 intellexerunt
1353 1917 1513 1971 partim

44 1985 131 2013 non
146 1971 468 2028 explicuerunt.
525 1970 672 2024 Kopp.
702 1968 983 2025 ὲὸυυλώθιῃε
1012 1971 1215 2026 quoniam
1239 1970 1365 2014 Pauli
1387 1972 1514 2014 Chri-

44 2027 290 2069 stianorum
323 2026 564 2070 libertatem
599 2027 663 2081 (in
695 2041 744 2068 eo
777 2026 981 2067 nimirum
1016 2027 1231 2084 positam,
1276 2027 1390 2084 quod
1417 2030 1516 2084 lege

45 2098 156 2126 mos.
187 2098 272 2125 nou
299 2088 534 2126 teneantur
564 2084 606 2134 7,
623 2085 667 2126 6.
707 2083 808 2126 Gal.
839 2083 883 2135 2,
902 2082 947 2127 4.
970 2083 1012 2136 5,
1035 2086 1074 2128 l.
1098 2086 1188 2141 sq.)
1215 2085 1515 2142 praedicantis

43 2141 328 2183 institutioni·
345 2140 573 2182 adversari
600 2140 739 2182 videri
770 2145 921 2196 posset
948 2147 1202 2183 excusatum
1235 2156 1333 2184 esse
1355 2142 1537 2185 crediti*

45 2197 210 2241 Contra
244 2198 370 2241 Pleot.
401 2212 423 2238 a
462 2229 474 2242 .
501 2196 632 2248 Oec„
665 2196 876 2247 Castalio,
906 2196 1055 2253 Jasp.‚
1092 2198 1225 2241 Flam.
1249 2200 1308 2242 al.
1333 2214 1514 2241 excusa·

43 2254 179 2297 tionis
199 2212 545 2297 rationemriianc
576 2268 675 2294 esse
697 2254 954 2308 opinantur,
994 2253 1109 2311 quod
1134 2252 1348 2296 Pietatem
1379 2257 1515 2298 homi-

45 2325 123 2352 nes
144 2312 188 2353 in
209 2312 457 2354 servitutem.
486 2310 701 2352 abducere
723 2309 774 2352 P.
797 2309 986 2362 dixerit,
1027 2326 1157 2367 quum
1180 2310 1370 2354 Pietatis
1389 2313 1514 2354 obsess

45 2367 192 2424 quium
217 2382 363 2411 veram
390 2367 630 2409 libertatem
655 2366 826 2410 afferat.
885 2366 1072 2416 Eorum,
1112 2370 1187 2424 qui
1209 2370 1338 2410 aliam
1361 2371 1514 2412 verbo-

46 2439 141 2466 rum
172 2421 459 2479 ἀνθρώπινον
483 2422 595 2479 λέγω
616 2424 652 2464 ὁ.
673 2439 713 2466 τ.
733 2420 772 2464 ά.
793 2438 830 2465 τ.
850 2437 889 2466 σ.
912 2423 950 2465 ὑ.
982 2424 1388 2481 interpretationem
1415 2442 1515 2484 pro-

44 2485 314 2538 posuerunt,
343 2480 526 2521 consilia
548 2481 620 2521 vix
643 2480 861 2521 mewione
883 2480 1015 2536 digna
1036 2486 1154 2527 sunt.
1214 2481 1343 2524 Unde
1365 2499 1518 2540 pauca,

46 2553 184 2594 quae,
222 2536 371 2580 nescio
402 2539 504 2592 qui,
543 2537 645 2578 aliis
668 2537 857 2590 insignia
877 2538 970 2580 visa
1001 2544 1126 2590 sunt,
1166 2540 1353 2583 strictim
1383 2542 1515 2582 attin-

45 2608 162 2649 gam.
235 2592 436 2635 Reichius
485 2593 678 2645 Bezam,
723 2593 1045 2636 Limborcleinm
1074 2596 1273 2652 aliosque
1302 2602 1515 2654 sequutus

45 2650 230 2708 purgari
250 2649 368 2692 servi
386 2654 430 2690 et
457 2649 555 2691 heri
571 2654 648 2691 aut
667 2651 898 2691 servitutis
924 2655 967 2692 et.
993 2651 1216 2695 libertatis
1238 2655 1517 2696 collationem

44 2721 97 2748 ex
129 2706 293 2748 mut-uis
324 2705 545 2748 hominum
576 2707 848 2748 commerciis
875 2713 1086 2762 sumtam,
1128 2712 1211 2765 qua
1244 2710 1518 2753 Christiano=

48 2778 144 2807 rum
165 2763 456 2809 Honestatem
477 2763 649 2807 colendi
669 2764 859 2809 officium
881 2764 1181 2810 declararetur
1198 2771 1261 2824 (V.
1284 2768 1521 2821 16.-22.)

43 1647 228 1691 prorsus
258 1634 662 1688 accommodarent)
689 1632 945 1691 lmpuritati
979 1640 1023 1676 et
1081 1633 1335 1690 mprobitati
1365 1658 1421 1664 —-
1453 1634 1523 1674 ita*

1597 268 1637 304 XX
