1752 3347
532 246 621 291 CA
639 246 689 290 P.
722 243 834 290 111.
866 243 959 290 Vs.
987 243 1075 289 22..
1457 239 1541 283 185

78 354 284 398 constitui
305 354 416 398 satis
436 358 690 411 appareret,
730 352 790 396 ita
813 353 957 410 potius
982 350 1199 394 dicturum
1217 347 1358 391 fuisse
1386 344 1540 390 credo:

80 409 218 467 λέγω
261 411 318 454 δὲ
356 410 737 467 δικαιοσύνην
766 410 905 453 θεοῦ
934 407 1028 464 τὴν
1065 405 1139 449 διὰ
1166 404 1359 453 πίστεως
1381 401 1422 446 Ἰ.
1450 405 1539 457 XO,

80 467 254 518 -τοίες
283 466 570 517 πιστεύοντας
598 481 672 525 up.
703 461 848 509 οὖσαν.
907 465 1113 521 Denique
1141 461 1359 506 sententia
1389 459 1542 521 aliqua

79 524 367 582 perversitate
394 523 591 567 laborat:
629 523 747 579 atqui
782 523 900 566 sine
930 522 1067 577 leqesss
1096 534 1217 563 mos.
1247 521 1413 575 opera
1444 518 1540 582 Deo

76 581 250 637 placens
281 580 584 635 integritas
613 580 657 621 in
678 581 813 621 lucem
839 583 1064 634 protracta
1083 581 1148 619 est
1172 601 1227 608 --
1256 580 1300 619 et
1328 589 1390 618 ea
1417 580 1538 631 que-⁴

78 637 191 679 dem
235 636 562 689 inteyritas,
611 634 736 689 cajus
769 649 849 689 per
933 635 996 676 id
1012 648 1035 676 e
1054 648 1097 675 m
1143 632 1308 676 Clu-isto
1346 631 1538 674 architam

74 706 252 749 prorsus
273 695 484 743 compotes
498 689 612 744 fiunt
632 692 866 746 quicunque
913 692 1007 733 dem
1025 690 1224 733 habeant.
1281 688 1403 731 Haec
1424 690 1540 729 recte

76 748 364 802 dicerentur„
379 746 420 787 si
447 745 543 788 sine
571 747 684 802 legis
704 759 814 789 mos.
834 747 1083 788 interventu
1106 750 1194 787 tum
1208 744 1296 800 fide
1314 746 1358 788 in
1378 744 1543 787 Christo

76 803 308 856 collocate,
345 808 437 845 tum
464 803 605 845 nescio
644 806 728 859 qna
767 802 857 844 alia
889 817 937 844 re
965 802 1053 844 Dei
1089 802 1214 844 favor
1253 801 1545 852 ob‘tineretur,

74 873 190 902 nunc
215 873 319 902 vero
346 859 492 918 inepta
525 863 652 912 suut,
684 859 889 917 quoniam
914 858 965 902 P.
991 857 1132 916 judice
1165 872 1250 900 non
1271 858 1358 901 nisi
1379 857 1436 900 du
1470 857 1544 898 lex

75 920 145 959 ost
173 912 430 972 δικαιοσύνη
449 917 582 966 θεοῦ,
613 917 751 958 altera
779 908 1020 974 opinabilis
1049 919 1092 956 ct
1121 929 1254 967 vana,
1284 929 1396 972 quae
1416 872 1545 957 οἵδε-

75 973 180 1030 quio
210 973 301 1028 legi
328 987 438 1017 mos,
467 973 681 1044 praestito
702 972 851 1030 parari
875 977 1078 1030 putatur,
1108 971 1248 1014 altera
1269 977 1388 1014 certa
1409 974 1453 1013 et
1472 985 1547 1013 ve-

75 1045 152 1084 ra,
194 1043 306 1086 quae
336 1028 422 1071 fide
452 1029 631 1073 christo
660 1030 811 1072 habita
852 1029 1114 1086 aequiritur.
1173 1025 1249 1069 διὰ
1286 1025 1480 1076 πίστεως
1501 1024 1547 1068 Ἰ.

77 1089 187 1144 Χρ]
215 1101 295 1143 per
317 1084 448 1140 fidem
470 1086 515 1128 in
535 1087 576 1130 J.
598 1087 696 1131 Chr.
721 1087 988 1131 collocatam.
1044 1082 1184 1140 Ἰησοῦ
1204 1086 1289 1140 Χρ.
1321 1089 1390 1127 est
1412 1083 1548 1127 Geni-

75 1143 194 1186 tivus
215 1143 375 1202 objecti
398 1142 500 1187 Gal.
521 1143 571 1197 3,
588 1143 659 1185 22.
716 1143 831 1202 Eph.
852 1143 903 1196 3,
922 1140 987 1187 8..
1043 1141 1253 1186 Cernitur
1273 1145 1417 1183 autem
1438 1139 1549 1186 fides

77 1199 260 1244 Christo
282 1199 558 1258 adjungenda
590 1200 635 1242 in
661 1214 736 1253 eo,
767 1205 816 1242 ut
840 1215 936 1243 cum
957 1199 1169 1242 divinitus
1190 1197 1338 1240 datum
1359 1197 1549 1255 sospita-

76 1261 244 1311 torem,
287 1257 363 1314 qui
396 1261 537 1299 morte
571 1261 648 1302 sust
691 1257 915 1299 hominum
954 1260 1129 1315 peecata
1168 1255 1435 1313 expiaverit,
1476 1254 1550 1311 pie

78 1327 294 1369 agnoscas
315 1318 360 1356 et
388 1328 520 1370 quum
549 1317 593 1355 te
620 1318 758 1356 totum
781 1313 960 1357 Christo
991 1311 1232 1356 tradideris
1285 1312 1386 1356 Gal.
1405 1313 1458 1364 2,
1475 1312 1549 1354 20.

77 1371 131 1424 3,
160 1371 232 1414 26.
251 1371 345 1424 27.)
373 1385 564 1422 summo,
604 1374 653 1412 ut
682 1371 1030 1414 innocentissimi
1062 1370 1146 1412 viri
1177 1369 1225 1424 (2
1246 1369 1349 1413 Lor.
1376 1369 1425 1422 5,
1454 1368 1549 1420 21.)

77 1428 212 1470 vitam
232 1427 470 1485 exprimas,
499 1427 678 1469 virtutis
700 1427 845 1469 studio
864 1426 1124 1469 exardescas
1146 1425 1242 1469 Tit.
1263 1427 1306 1478 2,
1320 1426 1408 1469 14..
1463 1424 1551 1466 Vi-

78 1483 132 1526 de
153 1485 285 1526 etiam
304 1490 396 1529 not.
417 1483 473 1526 ad
496 1487 518 1526 l
532 1517 544 1537 ,
565 1485 650 1528 17..
709 1484 827 1527 Male
846 1485 978 1540 vulgo
997 1487 1099 1541 pest
1120 1483 1322 1538 Χριστοῦ
1341 1487 1552 1524 commate

76 1541 436 1598 interpungitur,
474 1555 607 1596 quum
637 1555 678 1583 v.
709 1538 774 1589 εἰς
803 1537 971 1590 πάντας
998 1557 1033 1582 κ.
1056 1539 1085 1584 ἐ,
1121 1554 1167 1581 π.
1190 1554 1228 1580 τ.
1248 1553 1294 1579 π.
1327 1545 1372 1581 et
1397 1539 1494 1596 ipsa
1524 1553 1550 1580 a

78 1594 395 1653 πεφανέρωται
413 1610 628 1654 suspensa
650 1597 755 1639 sint.
785 1593 1039 1646 ezgs'rcozvcag
1061 1596 1135 1637 καὶ
1160 1593 1236 1637 ἐπὶ
1260 1592 1428 1645 πάντας
1446 1594 1551 1644 τοὺς

79 1651 391 1709 πιστεύοντας]
412 1652 535 1697 Flor.
568 1651 663 1695 ἐπὶ
692 1652 862 1701 πάντας
889 1650 994 1701 τοὺς
1019 1647 1321 1704 πιστεύοντας.
1351 1651 1441 1694 vid.
1465 1651 1549 1693 Sa-

80 1710 235 1753 entier.
262 1710 269 1765 l
303 1709 366 1752 A.
386 1709 441 1754 Β.
463 1709 514 1754 C.
540 1710 612 1754 31.
640 1709 713 1753 80.
743 1708 873 1767 Copt.
903 1708 1034 1752 Arm.
1057 1707 1197 1751 Clem.
1229 1707 1358 1763 Orig.
1388 1708 1552 1762 Augu-

81 1767 189 1809 stin.
219 1767 278 1810 al.
318 1763 403 1816 εἰς
440 1764 610 1815 πάντας
635 1765 740 1816 τοὺς
776 1763 1079 1815 πιστεύοντας.
1147 1764 1265 1807 Hinc
1296 1779 1337 1809 v.
1369 1766 1442 1806 καὶ
1474 1764 1552 1808 ἐπὶ

79 1820 275 1875 πάντας,
325 1837 437 1879 quae
479 1838 554 1866 sus
572 1827 680 1864 ›ecta
718 1824 895 1865 fuerant
920 1822 1142 1866 Noesselto
1183 1822 1216 1865 1.
1247 1823 1280 1865 l.
1319 1836 1364 1880 p.
1394 1820 1466 1866 75.
1507 1826 1552 1864 et

80 1878 375 1933 Grt‘esbacltz'o,
402 1894 542 1938 nuper
591 1880 722 1923 elevit
740 1879 939 1923 Luc-hm..
968 1877 1116 1931 Male.
1171 1877 1288 1921 Nam
1308 1878 1445 1932 unde,
1474 1879 1551 1921 oh-

81 1950 231 1988 secro,
265 1941 368 1978 nata
397 1941 502 1979 sunt
528 1952 646 1981 voce.
677 1938 749 1979 καὶ
776 1935 853 1979 ἐπὶ
877 1932 1076 1985 πάνταςΡ
1131 1934 1406 1978 Variabatur
1427 1936 1550 1989 olim,

80 1996 252 2059 inquit,
291 1997 356 2048 εἷς
384 1999 555 2052 πάντας
588 2004 693 2052 τούς
729 1999 1019 2052 πιστεύοντας
1048 2006 1092 2044 et
1133 1994 1207 2041 ἐπὶ
1238 1998 1410 2052 πάντας
1446 2000 1552 2052 τοὺς

81 2055 397 2109 πιστεύοντας,
437 2073 548 2115 quae
577 2059 781 2104 lectionis
812 2058 1106 2117 discrepantia
1139 2074 1271 2116 quum
1299 2059 1359 2100 ita
1388 2059 1441 2101 ab
1463 2074 1550 2101 uno

81 2116 277 2157 alterove
295 2115 480 2170 librario
501 2118 547 2160 in
576 2118 772 2170 margine
802 2120 953 2159 notata
979 2121 1122 2159 esset:
1160 2114 1255 2158 καί·
1288 2115 1365 2158 ἐπὶ
1382 2112 1553 2166 πάντας

82 2172 130 2216 h.
158 2186 198 2215 e.
229 2177 331 2215 sunt
356 2173 513 2226 etiam,
551 2174 629 2230 qui
667 2172 758 2216 ἐπὶ
791 2169 960 2222 πάντας
986 2187 1066 2230 pro
1097 2170 1144 2215 εἰ
1155 2188 1178 2222 ς
1206 2167 1374 2221 πάντας
1400 2173 1552 2228 legant

82 2229 163 2326 ges.
184 2243 316 2285 supra
338 2244 383 2287 p.
404 2225 512 2286 290,
542 2244 659 2274 voce.
691 2231 781 2273 καὶ
811 2229 889 2273 ἐπὶ
910 2225 1078 2279 πάντας
1095 2228 1326 2287 postmodo
1349 2229 1394 2270 in
1415 2244 1456 2273 v.
1480 2244 1551 2271 or-

117 2286 228 2327 incm
247 2291 411 2329 temere
438 2286 609 2329 invecta
635 2291 753 2330 sunt.
812 2285 1072 2340 Crederem,
1102 2286 1142 2327 si
1167 2285 1366 2328 subsidia
1385 2286 1554 2328 inveni-

84 2345 262 2395 rentur,
291 2343 366 2399 qui
386 2343 458 2386 vel
483 2340 565 2397 ἐπὶ
590 2341 698 2400 (εἷς)
723 2341 893 2395 πάντας
912 2341 1017 2393 τοὺς
1047 2339 1358 2392 πιστεύοντας,
1388 2344 1463 2385 vel
1487 2340 1552 2394 ἐἰς

85 2394 256 2448 πάντας
280 2398 357 2450 ἐπὶ
376 2398 544 2450 πάντας
563 2399 667 2450 τοὺς
686 2397 976 2450 πιστεύοντας
1008 2399 1173 2441 omissa
1194 2413 1297 2440 voce
1319 2396 1395 2440 καί
1414 2399 1553 2442 conti-

84 2461 258 2499 nerent.
315 2453 411 2498 Imo
432 2457 507 2512 qui
526 2471 567 2501 r.
589 2458 664 2498 καί
684 2456 759 2499 ἐπὶ
780 2454 949 2506 πάντας
968 2455 1374 2514 praetermiserunt,
1401 2471 1550 2499 eorum

87 2511 203 2554 oculi
229 2526 253 2553 a
281 2508 450 2562 πάντας
476 2513 626 2571 priore
650 2515 746 2556 loeo
775 2512 830 2556 ad
856 2509 1025 2562 πάντας
1061 2512 1284 2571 posterius
1320 2511 1552 2556 deerrave-

86 2573 214 2622 rant,
252 2568 328 2625 qui
360 2566 425 2618 εἷς
453 2566 621 2619 πάντας
646 2570 719 2612 καί
742 2571 1053 2622 excluserunt,
1093 2584 1224 2625 quum
1247 2569 1388 2612 minus
1408 2574 1551 2612 atten-
1612 2584 1616 2587 ¹

87 2624 283 2679 dissent,
320 2621 624 2675 εἶςπάντας
654 2631 698 2668 et
723 2624 802 2669 ἐπὶ
832 2622 1041 2679 πάντας
1069 2624 1369 2670 confuderant.
1426 2626 1553 2670 Fecit

85 2682 227 2737 igitur
246 2682 649 2735 homoeoteleuton,
679 2686 728 2724 ut
747 2684 924 2737 vulgata
948 2682 1165 2738 scriptura
1179 2714 1191 2734 ,
1223 2698 1332 2739 quae
1354 2682 1406 2728 P.
1428 2684 1552 2739 inge-

85 2739 205 2781 nium
227 2739 355 2796 plaue
377 2739 513 2781 refert
529 2739 677 2793 (Rom.
703 2741 780 2791 ll,
801 2741 872 2783 36.
905 2739 1007 2782 Gal.
1031 2741 1079 2792 1,
1102 2741 1142 2782 l.
1171 2738 1286 2797 Eph.
1307 2740 1358 2793 4,
1380 2742 1424 2785 6.
1455 2740 1553 2783 Col.

90 2797 140 2849 l,
172 2797 263 2850 16.)
293 2795 347 2836 ab
378 2795 481 2837 aliis
510 2797 641 2838 aliter
670 2800 1040 2852 corrumperetur.
1108 2795 1404 2850 Theodora-t„
1435 2797 1551 2839 Gen-

87 2851 192 2896 nad.
218 2852 334 2911 apud
354 2852 558 2906 oenum„
590 2852 729 2908 Beng.
759 2853 819 2896 al.
846 2852 910 2894 sie
934 2857 1179 2910 exponunt:
1214 2853 1261 2896 in
1290 2867 1433 2896 onmee
1459 2853 1490 2896 i.
1510 2868 1550 2896 e.

91 2908 296 2964 Judaeos,
326 2925 347 2953 s
363 2924 389 2952 ιι
398 2924 493 2966 per
521 2923 699 2953 omncs
720 2909 771 2955 h.
793 2925 832 2957 c.
856 2910 1051 2967 yeaeztileS.
1111 2909 1313 2968 Quorum
1338 2911 1552 2954 rationem
