1752 3347
382 213 543 258 CAP.
575 211 688 257 111.
723 213 813 257 vs.
844 199 921 257 3'0.
956 220 1006 254 οι
1037 214 1131 257 31..
1407 214 1494 256 209

22 333 123 363 esse
151 324 197 363 et
214 320 313 362 fieri
341 325 386 363 et
407 322 601 363 futurum
630 335 729 363 esse
750 321 794 363 in
815 321 1066 363 universum
1086 318 1339 363 contendas,
1400 319 1491 363 Sed

21 376 155 418 aliam
186 377 230 420 h.
249 378 283 421 l.
311 378 528 421 rationem
549 378 766 420 Futurum
796 377 944 421 habet.
1002 376 1209 421 Continet
1236 376 1350 419 enim
1378 381 1489 419 tem-

53 434 144 476 oris
158 466 169 485 ,
201 449 286 490 quo
306 433 432 477 Deus
453 435 702 477 hominibus
719 435 796 494 jus
817 440 886 476 est
903 434 1081 477 Christo
1110 434 1355 491 interprete
1384 435 1488 476 olim

20 446 204 533 baturus
231 493 360 545 (Act.
392 493 467 540 17,
496 493 614 546 31.),
655 491 1019 544 significationem
1050 493 1112 546 (v.
1143 490 1269 532 Beza
1299 495 1342 532 et
1379 491 1487 533 usin.

20 561 90 602 gr.
152 579 162 590 .
180 547 322 601 230.).
381 547 558 605 Quippe
585 547 664 602 τὴν
693 544 976 603 δικαιοσύνην
1002 564 1038 590 τ.
1069 550 1113 588 θ.
1147 562 1258 589 nunc
1287 561 1372 588 non
1400 548 1490 589 nisi

21 618 100 661 spe
151 604 352 654 abemus,
382 604 525 660 ipsam
558 606 647 644 tum
679 603 996 655 obtinebimus,
1036 619 1167 660 quum
1197 604 1292 662 ejus
1316 604 1487 646 fructus

18 659 309 718 percipiemus
337 659 368 702 i.
397 673 436 700 e.
466 672 598 714 quum
624 659 846 701 hominum
868 658 1005 718 judex
1034 661 1229 702 insontes
1251 675 1353 714 nos,
1384 659 1488 710 τοὺς

20 714 329 764 πιστεύοντας,
359 715 505 771 palam
528 715 770 757 deum-abit
798 715 1081 771 integrosque
1112 718 1153 758 in
1185 716 1486 758 beatissimum

18 786 144 813 silum
170 784 352 824 regnum
380 771 549 813 intrare
571 769 748 828 jubebit
782 774 843 827 (v.
874 772 977 814 Gal.
1003 774 1054 824 5,
1085 773 1126 816 5.
1156 774 1211 816 cl.
1242 774 1337 817 Tit.
1365 774 1416 826 3,
1443 775 1487 818 7.

16 827 177 870 Matth.
195 826 276 879 25,
297 828 409 881 34.).
463 827 591 871 Nihil
612 829 798 871 interest
826 829 942 870 inter
972 828 1173 870 δικαιοῦν
1191 845 1288 871 τινα
1321 829 1377 872 ἐκ
1406 829 1488 871 m:

17 897 155 935 στεως
175 888 219 927 et
241 885 276 927 δ.
301 901 339 926 τ.
365 883 458 926 διὰ
476 901 513 926 τ.
537 884 743 935 πίστεως,
773 889 822 926 ut
841 884 992 939 Orig.,
1013 884 1182 928 Wetst.
1202 887 1260 928 al.
1281 886 1365 928 sibi
1387 901 1487 943 per-

17 945 277 994 suaserunt,
309 956 420 999 quos
449 942 561 984 satis
589 943 800 984 refellunt
827 942 860 985 l.
892 941 995 984 Gal.
1029 941 1080 994 3,
1098 942 1141 984 8.
1200 941 1314 998 Eph.
1345 944 1396 995 2,
1425 944 1486 987 8..

15 999 166 1042 Acute
186 1004 331 1040 autem
350 997 404 1043 P.
418 1032 431 1054 ,
459 1003 508 1041 ut
529 999 673 1042 Deum
691 998 884 1044 Judaeos
905 1003 950 1040 et
966 999 1156 1052 gentiles
1178 999 1327 1040 eodem
1356 1001 1487 1056 plane

16 1069 198 1098 numero
218 1059 472 1112 putaturum
492 1071 591 1099 esse
617 1057 796 1098 fortiter
825 1054 1063 1108 indicaret,
1094 1054 1264 1098 duobus
1296 1057 1488 1113 paralle-

15 1112 74 1154 lis
104 1113 310 1154 membris
339 1128 464 1155 suam
491 1114 751 1156 sententiam
779 1113 962 1155 inclusit
998 1112 1298 1169 verborumque
1327 1112 1486 1155 discri-

15 1184 113 1211 men
130 1169 259 1223 fecit,
290 1169 407 1227 quod
424 1185 516 1214 rem
534 1185 617 1214 non
641 1170 895 1225 attingeret.
952 1168 1049 1211 Hoc
1066 1168 1367 1211 tantummodo
1380 1203 1392 1223 ,
1420 1171 1486 1212 in-

17 1227 139 1282 quit,
189 1227 268 1269 ille
306 1242 419 1270 unus
457 1226 584 1269 Deus
623 1227 859 1270 discrimen
898 1230 1086 1279 statuet,
1133 1225 1248 1283 quod
1289 1227 1486 1269 insontes

16 1283 264 1325 declarabit
285 1283 313 1328 J
315 1283 478 1327 udaeos
494 1289 671 1340 propter
688 1283 816 1326 fidem
829 1317 841 1337 ,
869 1289 913 1326 et
933 1284 1121 1336 gentiles
1143 1299 1222 1338 per
1241 1283 1368 1326 fidem
1396 1299 1486 1326 mo-

15 1338 72 1382 do
102 1346 412 1395 memoratam,
451 1355 578 1398 quam
608 1341 858 1384 habuerint.
924 1339 1014 1383 Sed
1051 1345 1212 1397 quanto
1243 1340 1488 1383 evidentius

14 1396 255 1440 lectoribus
285 1412 386 1441 esse
412 1397 623 1452 debebat,
664 1397 777 1440 idem
810 1397 972 1439 habere
999 1412 1125 1453 quem
1154 1402 1331 1452 propter
1359 1398 1486 1439 habi-

13 1458 104 1496 tam
125 1453 254 1497 fidem
274 1454 400 1497 Deus
421 1455 638 1511 integrum
660 1454 848 1513 judicet,
879 1453 997 1511 quod
1017 1455 1056 1495 is
1077 1453 1329 1511 possideat,
1360 1469 1488 1510 quem

9 1525 91 1566 per
108 1510 237 1553 fidem
265 1511 510 1568 praebitam
537 1506 718 1569 probet,
748 1517 872 1552 tanto
904 1511 1203 1553 vehementius
1222 1509 1412 1553 Judaeos
1442 1515 1488 1552 et

13 1567 201 1623 gentiles
229 1582 314 1609 uno
334 1566 571 1624 eodemque
597 1569 694 1609 loco
713 1567 813 1610 Deo
843 1568 1020 1623 futuros
1044 1582 1141 1608 esse
1174 1582 1259 1608 non
1281 1572 1488 1624 poterant

12 1637 99 1666 non
119 1624 302 1668 sentire.
362 1624 424 1667 V.
442 1624 515 1668 31.
566 1623 712 1680 Quum
735 1623 786 1668 P.
807 1638 850 1667 v.
869 1623 1088 1666 28.—-30.
1106 1621 1185 1678 τὴν
1204 1621 1486 1679 δικαιοσύνην

12 1695 49 1724 τ.
75 1683 124 1723 θ.
150 1680 215 1723 ita
244 1696 270 1723 a
293 1680 379 1735 fide
407 1681 630 1738 proficisci
661 1680 914 1733 docuisset,
951 1684 1001 1722 ut
1025 1677 1080 1721 τὰ
1113 1675 1221 1734 ἔργα
1248 1681 1329 1720 τοῦ
1347 1679 1485 1732 νόμου

13 1736 128 1779 nihil
151 1738 281 1794 plane
309 1737 365 1780 ad
390 1738 513 1781 illam
542 1737 782 1796 parandam
808 1739 956 1781 valere
985 1735 1292 1788 contenderet,
1329 1750 1486 1779 veren-

13 1792 117 1836 dum
135 1799 254 1848 erat,
284 1809 338 1838 ne
358 1796 457 1852 quis
477 1796 619 1851 legem
641 1810 775 1849 mos.,
806 1795 967 1852 quippe
999 1808 1110 1850 quae
1142 1793 1395 1835 beatitatem
1428 1794 1485 1835 iis

12 1850 302 1908 polliceretur
327 1853 405 1909 qui
425 1852 515 1895 Dei
540 1858 776 1910 praecepta
805 1852 1116 1893 observassent
1135 1849 1284 1904 (Rom.
1310 1852 1386 1902 10,
1404 1849 1486 1904 5.)‚

13 1907 68 1949 ab
88 1922 140 1950 eo
160 1910 407 1967 oppugnari
427 1909 656 1969 objiceret.
716 1908 848 1952 Unde
867 1909 948 1950 hoc
969 1907 1055 1948 sibi
1078 1907 1175 1964 ipse
1195 1907 1410 1959 obvertit,
1437 1911 1488 1948 ut

12 1963 331 2008 dubitationem
352 1965 559 2008 dilueret.
617 1965 737 2008 Num
756 1966 885 2021 iyitm·
909 1968 971 2020 (v.
992 1964 1063 2006 28.
1087 1964 1200 2019 sq.),
1232 1963 1389 2018 inquit,
1420 1963 1485 2003 le-

12 2035 109 2077 gem
129 2036 239 2065 mOS.
268 2021 354 2064 fide
373 2037 503 2080 quam
522 2023 696 2064 celebro
718 2021 884 2076 abrogo
938 2035 987 2062 eo
1006 2020 1212 2061 nimirum
1237 2018 1354 2076 quod
1385 2034 1486 2060 con-

12 2078 153 2120 traria
172 2093 222 2121 ac
241 2079 317 2121 lex
336 2093 446 2123 mos.
465 2079 614 2122 tradat
637 2073 869 2134 doceam?
953 2077 1107 2118 linime
1136 2091 1263 2125 verog
1293 2076 1378 2117 imo
1398 2075 1484 2117 fide

13 2149 141 2192 quam
167 2135 372 2193 praedico
399 2137 540 2192 legem
569 2151 680 2180 mos.
709 2140 851 2178 ratam
869 2135 984 2177 facio
1004 2136 1157 2189 (quum
1182 2133 1279 2197 scil.
1304 2147 1397 2174 mea
1418 2134 1484 2174 in—

15 2192 186 2234 stitutio
215 2207 312 2235 cum
336 2195 436 2249 lege
462 2208 598 2247 mos.,
636 2208 746 2252 quae
777 2197 822 2235 et
849 2193 944 2249 ipsa
964 2189 1042 2245 τὴν
1059 2191 1339 2244 &mmmmm
1366 2204 1402 2230 τ.
1433 2193 1483 2230 3.

16 2262 41 2290 a
66 2246 152 2301 fide
177 2254 350 2308 repetat
379 2251 454 2305 [cf.
484 2266 522 2295 c.
542 2251 634 2306 4.]‚
671 2265 857 2304 prorsus
890 2246 1159 2302 concordet).
1216 2245 1312 2287 Hae
1341 2246 1485 2302 expli-

17 2304 185 2347 catione
211 2307 289 2361 (cf.
319 2323 361 2351 ν.
389 2323 427 2351 c.
457 2308 629 2363 Kopp.,
661 2307 806 2359 D1or„
836 2306 1037 2358 Roehm.)
1068 2308 1112 2346 et
1143 2302 1290 2345 verbis
1320 2302 1484 2343 satisfit

18 2363 152 2460 &recte
170 2363 284 2405 enim
307 2364 590 2420 magistrum,
632 2365 705 2421 qui
726 2379 748 2405 a
773 2364 870 2418 lege
893 2361 1112 2404 desciscat
1139 2360 1281 2414 legem
1304 2359 1484 2412 abolere,

45 2422 258 2472 octorem,
297 2421 374 2476 qui
403 2420 648 2478 discipulos
676 2420 731 2462 ad
759 2421 873 2475 legis
906 2419 1165 2461 sententiam
1193 2414 1390 2468 erudiat,
1419 2415 1484 2456 le-

21 2489 108 2530 gem
139 2476 306 2518 munire
332 2475 452 2519 dicas
475 2478 562 2520 Mr.
589 2479 640 2531 7,
660 2480 701 2521 9.
733 2480 824 2534 sq.)
851 2480 896 2518 et
924 2478 1155 2517 contextae
1184 2472 1374 2514 orationi
1405 2472 1483 2528 (cf.

22 2533 198 2574 maxime
221 2546 259 2575 c.
275 2533 344 2587 4.)
373 2534 499 2577 unice
524 2534 788 2577 consulitur.
843 2532 1003 2574 Rueck.
1031 2531 1092 2572 sic
1114 2528 1166 2572 Ρ.
1199 2529 1311 2569 male
1335 2528 1480 2571 dicere

23 2586 88 2630 τὸν
117 2588 252 2641 νόμον
279 2587 354 2630 διὰ
380 2591 458 2645 τῆς
486 2589 680 2639 πίστεως
712 2587 909 2638 ἱστάναι,
941 2587 1018 2644 qui
1046 2590 1165 2628 recte
1191 2586 1249 2626 ita
1269 2586 1480 2641 loquutus

24 2648 155 2688 ³sset:
186 2643 263 2699 τὴν
285 2643 437 2687 πίστιν
458 2643 632 2688 ἱστάναι
652 2645 699 2688 ἐκ
714 2650 793 2687 τοῦ
811 2645 949 2697 νόμου
965 2658 1051 2685 non
1071 2641 1296 2684 admodum
1322 2643 1481 2685 soller-

25 2704 82 2744 ter
99 2701 314 2745 obtendit.
371 2700 487 2744 Nam
518 2703 558 2744 si
587 2702 833 2744 dubitatum
861 2706 1006 2752 esset,
1038 2714 1092 2740 an
1115 2699 1247 2740 nimia
1275 2704 1320 2740 et
1351 2714 1479 2756 quam

30 2771 84 2800 ex
105 2773 216 2801 mos.
235 2773 319 2802 non
342 2759 688 2814 agnosceretwis
703 2758 807 2812 fidei
823 2757 991 2799 tributa
1011 2760 1143 2809 esset,
1173 2754 1227 2798 P.
1256 2753 1314 2809 τῆ
1329 2772 1351 2795 ν
1383 2754 1481 2796 πί-

28 2827 133 2855 πτιν
170 2816 284 2872 legis
313 2829 424 2858 mos.
456 2815 585 2858 dietis
618 2814 820 2856 stabilire
850 2813 1098 2861 debuissem
1147 2826 1259 2853 nunc
1287 2811 1483 2854 dubitari

29 2874 210 2924 marat,
249 2887 305 2914 an
333 2871 541 2914 laudibus
571 2872 728 2928 quibus
759 2870 887 2914 fidem
914 2869 1208 2913 celebraverat
1225 2868 1318 2925 Ap.
1350 2869 1481 2922 leyem

65 2928 250 2963 Fritzsche
268 2929 332 2975 Ep,
352 2929 408 2963 ad.
428 2929 534 2963 Rom.
989 2923 1033 2967 Ο
