1752 3347
206 189 265 230 24
490 178 862 226 EPISTULA
896 180 997 223 AD
1031 179 1393 223 ROMANOS

207 291 412 336 laudibus
467 288 626 346 quihus
649 288 718 345 pio
741 286 908 342 gratias
930 292 1031 339 agat
1047 286 1147 330 Deo
1169 301 1251 345 pro
1280 290 1498 332 constanti
1526 295 1569 332 et
1598 290 1673 333 fir-

210 351 278 392 ma
306 347 390 392 fide
439 353 646 389 cetorum.
714 344 890 398 πρῶτον
925 341 1023 399 μέν]
1058 345 1247 399 primum
1270 345 1452 402 quidem.
1515 344 1589 390 Ita
1620 344 1673 390 P.

207 407 450 450 orationem
471 402 639 462 adjecto
662 413 754 443 voc.
773 395 852 451 μέν
868 400 1152 456 temperavit,
1182 416 1278 443 eum
1308 408 1355 444 ut
1379 407 1479 460 post
1504 405 1675 458 gratias

208 465 306 508 Deo
326 470 447 505 actas
468 463 557 503 tale
578 456 683 515 quid
702 455 847 497 dicere
867 456 1061 500 voluisse
1082 465 1315 516 appareat:
1334 453 1451 502 εἶτα
1473 458 1674 513 (agnet-

207 523 284 576 τα)
312 521 367 562 δέ
394 520 523 560 τοῦτο
551 517 661 569 λέγω
691 511 885 555 deinde
915 528 1036 557 vero
1062 515 1138 558 hoc
1166 530 1324 560 moneo.
1393 514 1482 559 Sed
1510 518 1675 570 gratia-

209 593 306 620 rum
325 575 486 618 actioni
512 573 613 615 aliis
642 576 774 627 atque
802 568 906 610 aliis
933 569 1154 631 adjunctis
1183 572 1418 615 sententiis
1445 573 1675 615 consilium

209 649 334 677 suum
356 646 538 689 prorsus
559 628 763 671 destituit
783 640 923 681 neque
945 630 1147 686 sequitur
1166 631 1255 671 ulla
1271 663 1284 683 ‚
1319 629 1443 690 cujus
1462 644 1582 687 spem
1597 628 1678 682 μέν

209 691 501 740 excitaverat,
527 685 760 728 sententia.
821 682 890 728 Cf.
909 684 1038 731 Rom.
1060 687 1101 739 3,
1113 689 1155 730 2.
1182 687 1377 730 Dissert.
1401 687 1443 728 in
1462 687 1505 729 2.
1524 701 1593 744 ep.
1620 684 1678 728 ad

211 748 314 792 Cor.
338 745 401 789 ll.
424 760 468 802 p.
491 743 561 787 14.
607 741 764 784 n't‘m’re'
781 755 848 795 gt·-
870 756 914 799 p.
933 743 1035 787 449.
1055 750 1098 786 et
1116 744 1352 788 Demosth.
1373 743 1426 786 de
1449 743 1677 786 Haloneso

207 807 250 857 7,
262 807 304 849 2.
326 803 454 847 Reme.
509 799 612 842 ὅταν
631 800 678 841 δὲ
694 795 802 854 λέγῃ
820 799 924 854 περὶ
951 800 1118 844 τούτων
1146 797 1202 851 ὡς
1230 799 1380 843 ἐθέλει
1411 799 1677 842 ‹laudacian-

211 870 323 909 σθαι
344 861 470 907 οὐδὲν
492 855 601 904 wo
622 857 866 917 ἣχλευάζει
885 857 998 915 ὑμᾶς
1016 867 1234 921 πρῶτον
1250 862 1341 920 μέν
1362 861 1495 916 ἀξιῶν
1516 880 1552 906 κ.
1573 880 1610 905 τ.
1623 864 1678 911 λ...

211 930 287 972 ubi
316 941 402 970 non
431 924 633 982 sequitur
662 924 902 966 membrum
931 926 1052 968 aliud
1082 926 1281 971 ἔπειτα
1310 927 1371 971 δέ
1393 953 1469 977 -‚
1517 926 1562 967 in
1594 939 1680 982 quo

210 989 378 1029 frustra
400 982 625 1026 turbatum
644 985 728 1025 est.
787 981 1007 1025 Eri-arunt
1029 984 1244 1042 Origenes,
1274 984 1505 1041 Benqelius
1521 989 1565 1025 et
1581 982 1679 1025 Chr.

213 1045 286 1086 Fr.
306 1040 559 1090 Schmidius,
577 1053 708 1094 quum
729 1035 778 1079 δέ
796 1053 859 1083 vs.
887 1040 956 1084 13.
977 1040 1032 1082 ad
1050 1042 1130 1094 μέν
1150 1057 1216 1086 vs.
1239 1044 1283 1086 8.
1304 1043 1537 1084 referrent.
1577 1038 1679 1082 Non

211 1100 325 1143 enim
345 1102 630 1155 reputarunt,
659 1109 725 1138 vs,
749 1095 814 1138 13.
845 1095 895 1137 οὐ
925 1096 1048 1140 θέλω
1077 1099 1134 1141 δὲ
1162 1095 1275 1150 ὑμᾶς
1304 1095 1473 1153 ἀγνοεῖν
1500 1114 1537 1139 κ.
1568 1112 1605 1138 τ.
1640 1096 1677 1136 λ.

217 1157 399 1200 Paulum
421 1151 665 1205 addidisse,
696 1155 745 1193 ut
794 1167 895 1195 uum
922 1168 989 1197 vs.
1010 1156 1078 1197 10.
1110 1157 1179 1198 11.
1209 1154 1262 1197 de
1294 1169 1373 1196 suo
1391 1154 1576 1196 Romam
1606 1150 1682 1194 ad-

211 1213 344 1257 eundi
372 1211 685 1265 Romanosque
714 1167 891 1251 videndi
921 1210 1143 1253 desiderio
1173 1210 1289 1253 dicta
1317 1212 1570 1252 illustraret
1591 1213 1684 1250 tum

212 1265 297 1328 ἤδη
329 1268 441 1312 ποτέ
465 1282 506 1310 V.
538 1267 605 1309 10.
637 1265 897 1322 explicaret.
973 1266 1066 1324 Qui
1097 1273 1242 1310 autem
1271 1269 1449 1321 πρῶτον
1476 1265 1556 1319 μέν
1581 1270 1684 1308 ante

210 1327 376 1378 omnia,
415 1330 491 1367 aut
517 1322 715 1378 inprimis
741 1329 1073 1378 converterunt,
1112 1326 1278 1367 nullam
1307 1325 1450 1379 (male
1479 1322 1684 1380 quidem)

213 1383 428 1426 rationem
447 1379 694 1423 habuerunt
713 1381 892 1422 voculae
911 1380 990 1434 μέν
1008 1387 1140 1438 atque
1164 1383 1224 1424 ita
1242 1381 1407 1424 versati
1420 1386 1537 1433 sunt,
1557 1378 1686 1437 quasi

212 1440 267 1484 P.
291 1440 512 1493 πρῶτον
542 1436 788 1492 εὐχαριστῶ
818 1437 1119 1491 Matth.6‚33.
1149 1455 1186 1484 s.
1219 1438 1684 1494 πρῶτονπάντων

214 1495 458 1551 εῧχαριστῶ
497 1494 521 1536 1
551 1491 671 1535 Tim.
705 1493 801 1545 2,l.
840 1496 1112 1553 scripsisset.
1187 1493 1431 1549 seizapcotu']
1466 1495 1540 1548 τῷ
1573 1492 1686 1547 θεῷ

214 1556 336 1608 μου]
370 1550 541 1607 yratz'as
575 1564 653 1605 ayo
678 1550 788 1592 Deo
825 1566 929 1593 meo
957 1553 999 1597 h.
1028 1567 1067 1595 e.
1097 1553 1210 1604 Deo,
1250 1566 1371 1608 «luem
1430 1550 1467 1593 ie
1496 1563 1682 1600 veneror,

214 1623 338 1665 quem
361 1608 478 1650 cultu
506 1611 581 1648 (tect
605 1605 768 1660 pietate
793 1621 1022 1665 prosequor
1052 1607 1189 1651 Exod.
1213 1609 1254 1656 3,
1273 1609 1339 1652 18.
1368 1606 1395 1649 Ι
1415 1607 1538 1650 abac.
1561 1609 1598 1657 1,
1616 1605 1684 1650 12.

218 1666 297 1710 Ps.
325 1665 421 1718 5,3.
452 1661 572 1706 Phil.
605 1662 712 1712 1‚3..
788 1663 1003 1706 Declarat
1042 1665 1182 1720 igitur
1209 1664 1454 1707 Pronomen
1495 1664 1687 1705 animum

217 1736 366 1765 amore
383 1720 549 1762 numini
572 1718 847 1764 obstrictum.
900 1718 1352 1778 ὁιὰἸησοῦΧριστοῦ]
1383 1720 1688 1776 Ηιιεον.Κορ-

213 1781 312 1838 pius
332 1782 451 1820 arcte
471 1775 734 1818 consociavit
754 1790 849 1818 cum
874 1783 935 1834 τῷ
963 1779 1057 1834 θεῷ
1083 1794 1170 1830 μου
1191 1779 1361 1833 qratias
1387 1792 1465 1834 ayo
1492 1777 1563 1831 ei,
1601 1776 1689 1834 qui

219 1851 361 1879 meus
379 1834 445 1889 (h.
466 1848 505 1877 e.
527 1832 634 1874 mihi
654 1834 874 1890 propitius
894 1835 950 1879 cf.
970 1835 1112 1878 Exod.
1131 1836 1172 1887 3,
1186 1836 1275 1889 15.)
1296 1839 1373 1877 est
1396 1849 1489 1891 per
1509 1834 1688 1877 Jesum

220 1893 333 1937 Chr.
357 1893 575 1942 Deus‚—
606 1892 812 1936 meinent
845 1895 1005 1940 &otte
1034 1895 1177 1944 but-d>
1205 1893 1363 1947 {seius
1393 1894 1520 1948 th..
1579 1889 1689 1932 Per-

253 1964 392 2001 eram‚
423 1962 507 1989 non
527 1945 640 2003 quod
661 1947 720 1988 ita
751 1950 862 1992 male
891 1948 1008 1992 desit
1034 1950 1272 1992 Articulus
1300 1950 1362 2003 τῷ
1394 1950 1489 2003 θεῷ
1516 1963 1603 2000 μου
1628 1948 1690 2003 τῷ

220 1966 345 2049 gss'l.
380 2007 436 2047 X.
480 2003 586 2059 [vid.
616 2002 898 2050 Rueck—erras:
938 2007 993 2051 cs.
1024 2007 1047 2048 1
1071 2006 1174 2051 Cor.
1205 2005 1351 2059 10,18.
1384 2005 1572 2059 βλέπετε
1597 2002 1692 2045 τὸν

216 2063 451 2128 Ἰσραὴλ
471 2061 623 2110 κατὰ
648 2061 857 2126 σάρκα.
919 2071 942 2112 1
965 2069 1085 2115 Tim.
1104 2071 1229 2123 6‚17.
1258 2072 1352 2119 τοῖς
1371 2063 1690 2116 πλουσίοις

226 2137 287 2183 ἐν
316 2135 385 2193 τῷ
416 2136 531 2179 νῦν
566 2133 744 2178 αἰῶνι
776 2134 1052 2191 παράγγελλε
1073 2139 1186 2192 -—.],
1223 2134 1302 2178 sed
1320 2136 1422 2193 quia
1451 2134 1555 2177 haec
1574 2132 1691 2176 ratio

226 2213 310 2241 non
331 2196 534 2241 omnibus
553 2195 684 2254 hujus
701 2196 874 2251 generis
895 2197 927 2239 l.
949 2202 1239 2240 consentanea
1260 2202 1352 2249 est,
1382 2210 1422 2242 V.
1445 2211 1483 2240 c.
1503 2196 1632 2240 Rom.
1649 2197 1692 2246 7,

224 2258 313 2302 25..
372 2254 475 2298 Non
497 2254 636 2307 magis
657 2268 870 2311 prospere
897 2253 954 2296 iis
983 2255 1299 2312 interpretibus
1327 2268 1398 2296 res
1426 2253 1584 2307 cessit,
1615 2254 1692 2311 qui

228 2311 539 2372 praeeuntibus
560 2308 738 2365 Ore'qene
757 2316 799 2352 ct
822 2310 1045 2366 Theopleyl.
1068 2311 1179 2353 hunc
1208 2312 1239 2354 l.
1269 2311 1312 2354 h.
1343 2325 1380 2354 r.
1409 2315 1692 2353 enarrarunt:

224 2371 434 2426 qratias
469 2382 562 2423 ayo
590 2367 683 2409 Deo
721 2382 810 2409 meo
843 2381 937 2422 per
964 2368 1106 2410 ,Iesum
1139 2368 1259 2419 Chr„
1308 2367 1383 2424 qui
1414 2368 1618 2410 nimirum
1647 2372 1691 2410 ut

226 2425 424 2483 pontifex
440 2425 657 2468 mamimus
677 2423 829 2466 laudes
851 2438 968 2465 meas
989 2423 1044 2465 ad
1069 2424 1208 2466 Deum
1229 2425 1438 2482 perferat.
1498 2423 1691 2467 Primum

228 2483 341 2523 enim
362 2482 473 2524 nihil
494 2496 546 2523 ex
571 2480 710 2524 Hebr.
735 2481 881 2534 1:215.
899 2481 954 2523 cl.
973 2481 1014 2533 8,
1025 2482 1067 2524 3.
1092 2482 1133 2522 in
1155 2482 1263 2522 hanc
1291 2489 1459 2538 partem
1487 2482 1693 2530 efficitur,

230 2539 433 2595 quoniam
462 2539 523 2580 ihi
543 2538 676 2582 Jesus
702 2553 796 2580 cum
823 2538 1026 2596 pontifice
1055 2539 1242 2580 maximo
1272 2539 1437 2581 diserte
1469 2552 1691 2596 compara·

230 2601 325 2648 tur,
386 2594 468 2636 uod
489 2596 562 2636 hic
588 2609 714 2637 secus
739 2601 823 2638 est.
882 2593 1056 2637 Deinde
1084 2595 1280 2653 perferre
1303 2596 1452 2641 Jesum
1482 2594 1537 2637 ad
1566 2609 1613 2638 re
1646 2608 1692 2636 a-

231 2654 315 2696 lem
389 2652 429 2693 ci
469 2653 624 2694 sellam
661 2652 878 2694 hominum
907 2651 1255 2694 Christianorum
1290 2667 1441 2711 preces
1470 2658 1512 2695 et
1539 2609 1694 2693 laudes

231 2709 304 2751 vix
332 2708 476 2750 dicere
501 2715 701 2765 potuerat
724 2707 799 2762 P„
831 2722 917 2766 quo
946 2714 1122 2751 auctore
1151 2709 1396 2754 Christiani
1423 2709 1609 2764 ingenuo
1637 2708 1693 2750 li-

234 2766 437 2809 berorum
476 2766 619 2807 animo
646 2766 788 2808 Deum
828 2771 996 2825 patrem
1029 2782 1155 2809 suum
1186 2767 1272 2826 ipsi
1302 2765 1463 2809 adeant
1490 2765 1694 2823 precibus

236 2823 363 2868 Rom.
383 2822 505 2876 8,15.
539 2821 641 2865 Gal.
663 2823 778 2875 4,0.,
827 2829 1058 2881 postquam
1089 2822 1224 2869 Iesus
1251 2827 1386 2866 morte
1418 2823 1497 2865 sud
1528 2821 1693 2865 aditum
