1752 3347
491 186 656 234 CAP.
685 188 749 234 V.
792 189 885 234 Vs.
911 189 956 233 4.
985 187 1046 254 5.
1406 189 1492 234 259

57 294 356 339 alamitatibns
384 300 623 350 acuuntur,
671 299 721 338 ut
747 295 1019 354 propositum
1046 297 1226 337 teneant
1253 300 1298 338 et
1326 296 1372 338 in
1402 296 1488 341 tide

30 309 213 397 {thu-isto
231 352 333 395 data
353 358 568 407 maneant,
588 367 736 396 eorum
756 354 939 395 firmitas
962 357 1168 408 tanquam
1187 352 1287 406 igne
1308 369 1491 412 perspe-

31 414 98 452 cta
121 410 278 452 merito
299 410 561 454 celebratur.
615 409 791 452 Deinde
812 425 895 452 non
919 409 1153 467 patientia,
1181 408 1259 451 sed
1285 417 1490 454 constan-

31 466 93 508 tia
131 466 313 508 indolem
347 471 588 521 spectatam
627 468 874 509 necessario
918 467 1076 521 gignit.
1159 465 1363 510 Ceterum
1402 484 1489 512 non

31 537 182 565 omnes
211 521 408 563 homines
442 523 556 563 mala
585 521 640 563 ad
669 524 956 564 constantiam
985 523 1235 576 stimulant,
1283 524 1362 567 sed
1401 541 1489 569 non

30 579 119 621 nisi
144 578 285 619 fortes
316 578 433 623 et.in
464 577 624 632 quibus
651 577 762 619 fides
792 579 902 620 satis
933 579 1046 620 altas
1066 580 1234 621 radices
1256 583 1397 636 egerit
1425 583 1490 638 (v.

4 683 6 685 ‚
34 647 168 691 supra
192 647 237 690 p.
259 632 377 687 46.)‚
425 631 479 675 de
509 633 671 688 quibus
702 632 754 675 P.
784 634 827 678 h.
853 635 886 678 l.
915 635 1112 691 exponit.
1188 634 1346 690 Ignavi
1373 639 1488 680 enim

28 690 114 734 fide
149 703 201 730 ue
221 688 464 731 imbecilles
486 689 811 732 calamitatibus
830 695 1182 745 consternantur,
1211 694 1492 749 franguntur,

29 761 56 790 a
84 746 120 790 C
153 744 262 786 risto
292 748 565 789 avertuntur.
632 745 694 790 V.
712 746 756 790 4.
796 746 933 788 Recte
961 748 1165 804 plerique
1194 752 1491 807 explicatores

29 800 214 857 δοκιμήν
232 816 328 844 cum
349 801 496 856 Chrys.
524 802 711 845 indolem
736 807 977 858 spectatam
1003 802 1142 859 (Phil.
1164 805 1214 859 2,
1232 808 1303 851 22.
1336 809 1364 849 2
1383 808 1489 852 Cor.

27 860 71 912 2,
90 860 132 902 9.
155 859 205 911 9,
234 859 326 913 13.)
365 862 596 912 enarrant,
635 873 747 915 qnae
779 875 801 902 e
827 861 1077 902 constantia
1108 866 1209 904 nata
1241 865 1491 907 fortunatae

28 917 145 960 vitae
164 930 286 972 spem
307 915 505 958 accendit
531 916 580 972 (2
599 915 719 960 Tim.
737 916 780 969 4,
798 918 841 959 7.
861 917 943 971 8.).
1002 918 1125 960 Grot.
1153 919 1207 959 ab
1228 922 1490 976 exploratio-

16 973 96 1017 „m‘s
124 973 174 1029 (2
193 972 296 1017 Cor.
314 973 364 1025 8,
388 972 455 1027 2.)
483 973 734 1027 significatu
761 973 983 1030 profectus
1013 970 1198 1030 δοκιμήν
1223 978 1491 1031 aea-ploratio-

28 1044 127 1073 nem
165 1029 249 1072 sui
286 1029 470 1084 ipsius
505 1030 843 1087 interpretatur.
920 1029 1037 1072 Nam
1078 1032 1284 1085 patiendo
1324 1033 1493 1077 discere

29 1085 248 1128 hominem
266 1086 383 1136 vires
400 1101 502 1128 suas
521 1087 664 1143 iisque
678 1121 689 1139 ‚
715 1087 896 1144 opinor,
925 1087 1114 1142 cognitis
1137 1104 1333 1132 crescere
1353 1107 1493 1148 spem.

29 1145 100 1187 At
131 1143 317 1185 multum
345 1157 524 1196 vereor,
561 1150 610 1185 nt
636 1144 758 1187 Grot.
790 1148 927 1186 totam
956 1159 1047 1186 rem
1073 1146 1185 1187 satis
1207 1148 1324 1188 clare
1346 1149 1491 1190 animo

29 1201 293 1257 conceperit.
348 1199 465 1243 Nam
484 1200 524 1241 si
545 1199 704 1256 ὁοκιμή
732 1200 826 1244 1ι·.1.
854 1202 943 1256 (sni
970 1201 1124 1256 ipsius)
1151 1204 1492 1258 explorationem

30 1261 206 1298 notaret
231 1259 294 1312 (V.
318 1257 342 1298 1
367 1256 470 1300 Cor.
493 1258 561 1309 ll,
583 1256 700 1310 28.),
729 1257 840 1299 nihil
860 1256 980 1298 aliud
998 1253 1081 1314 ἢῆ
1107 1259 1155 1301 δὲ
1181 1255 1380 1316 ὑπομονὴ
1411 1262 1493 1303 δο-

31 1312 163 1368 κιμὴν
189 1310 499 1368 κατεργάζεται
529 1313 757 1366 efferrent,
795 1314 880 1355 nisi
909 1315 1011 1357 hoc:
1047 1318 1290 1358 constantia
1321 1320 1380 1372 (s,
1414 1332 1492 1374 pa-

30 1369 210 1424 tientia)
244 1370 402 1426 efficit,
448 1375 505 1412 ut
532 1374 583 1412 te
609 1371 904 1413 examines.
969 1370 1116 1426 Atqui
1153 1372 1233 1413 hoc
1266 1388 1351 1414 non
1390 1389 1493 1415 con-

31 1426 197 1468 stantia
217 1425 539 1479 tantummodo,
570 1433 647 1468 aut
675 1427 911 1483 patientia,
942 1431 1018 1468 aut
1046 1429 1193 1469 neseio
1220 1429 1339 1484 qnod
1370 1429 1494 1472 aliud

30 1482 165 1524 decus
182 1482 339 1535 efficit,
368 1497 516 1524 verum
542 1485 672 1524 etiam
701 1498 867 1525 summa
894 1485 1062 1524 scelera
1092 1498 1142 1526 eo
1172 1499 1304 1542 saepe
1331 1487 1495 1540 valent,

31 1545 82 1582 ut
108 1538 305 1581 homines
333 1538 573 1580 facinorosi
601 1539 647 1580 in
685 1554 733 1580 se
772 1539 1055 1583 descendant.
1121 1539 1323 1598 Subjeeit
1353 1544 1496 1596 Grot„

32 1609 295 1652 quamquam
314 1595 445 1654 hujus
466 1595 552 1636 sihi
570 1595 637 1636 rei
653 1609 806 1651 parum
828 1596 1020 1636 sortasse
1047 1597 1272 1649 conscius,
1299 1599 1394 1640 voci
1414 1600 1496 1641 ‹50-

32 1648 139 1708 κιμή
159 1652 227 1694 sui
244 1651 295 1707 (i.
317 1666 356 1695 e.
377 1650 536 1695 virium
558 1653 759 1705 suarum)
789 1652 1028 1694 notitiae
1056 1657 1333 1708 potestatem,
1365 1670 1494 1711 quam

31 1709 113 1752 illa
133 1723 219 1751 non
241 1708 386 1752 habet.
427 1706 577 1760 Idem,
609 1707 726 1765 quod
748 1708 886 1760 Grot„
914 1709 1115 1750 nonnulli
1133 1724 1187 1752 ex
1208 1710 1265 1751 iis
1288 1712 1498 1762 sensisse,

35 1780 176 1822 neque
210 1765 298 1807 nisi
326 1764 450 1808 verbo
478 1765 533 1806 ab
561 1765 642 1806 illo
675 1765 912 1807 dissentire
953 1765 1180 1818 videntur,
1207 1768 1282 1823 qui
1311 1767 1498 1823 dazaujrv

32 1822 347 1876 experientiam
371 1822 675 1879 explicuerunt
698 1821 920 1878 (Lutlzer.,
947 1821 1073 1879 l‘Vo'lf.
1095 1823 1200 1877 al.);
1231 1839 1496 1880 quamquam

33 1879 165 1922 etiam
199 1879 403 1932 fuerunt,
451 1879 528 1935 qui
573 1879 868 1920 commentitio
916 1879 1210 1932 experientiae
1247 1881 1497 1935 significatu

33 1935 166 1980 verbo
187 1931 346 1989 ὄοκιμὴ
367 1934 535 1976 tributo
563 1931 746 1989 δοκιμήν
774 1938 1043 1991 exponerent
1069 1935 1382 1989 experientiam
1409 1937 1496 1978 bo·-

35 1991 241 2035 m‘tatz's
268 1990 394 2042 Dei,
423 1994 508 2046 qm?
537 1989 718 2046 afflictis
745 1991 833 2032 suis
859 1990 1110 2044 opituletur,
1141 1996 1190 2032 ut
1211 1992 1344 2035 ΕΜΓ..
1399 1992 1497 2034 Ma·-

39 2048 110 2104 gis
142 2046 274 2088 etiam
303 2046 600 2088 hallucinatus
637 2051 706 2088 est
732 2046 960 2101 Carpzov..
1034 2045 1167 2103 Spem
1205 2047 1412 2104 (ἐλπίδα)
1442 2048 1497 2093 Ρ.

36 2104 145 2147 dicit
164 2101 242 2159 τὴν
262 2100 424 2144 ἐλπίδα
440 2104 518 2158 τῆς
538 2099 668 2159 δόξης
687 2104 765 2144 τοῦ
785 2104 899 2144 θεοῦ
917 2118 957 2146 v.
977 2103 1046 2155 2.,
1073 2103 1129 2144 ad
1153 2119 1279 2160 quam
1299 2105 1342 2148 h.
1363 2106 1395 2149 l.
1425 2120 1498 2148 re-

37 2161 229 2204 volvitur
257 2161 319 2214 (v.
341 2162 512 2216 supra).
570 2158 632 2203 V.
650 2159 693 2202 5.
718 2157 769 2199 Ἡ
792 2157 920 2208 ἐλπίς
949 2159 973 2202 h
988 2175 1087 2201 (crac
1114 2175 1232 2215 spem
1252 2162 1303 2217 (i.
1323 2177 1366 2218 q.
1386 2160 1498 2218 αὕτη

37 2215 66 2275 ἡ
86 2215 236 2270 ἐλπίς)
255 2215 473 2269 declarat,
502 2215 760 2271 Carpzovio,
787 2216 1042 2258 Heumanno
1069 2221 1114 2258 et
1137 2217 1360 2261 Tholaccio
1390 2219 1499 2260 fide·-

35 2273 305 2335 jussoribuS.
382 2271 474 2328 Qui
511 2273 598 2325 ita,
635 2272 813 2330 opinor,
851 2272 1152 2330 philosophati
1191 2279 1315 2327 sunt,
1365 2291 1498 2331 quum

40 2329 166 2373 multi
185 2344 314 2387 saepe
334 2329 530 2379 homines
547 2329 702 2386 fallaci
721 2343 797 2386 spe
818 2332 1076 2383 teneantur,
1101 2344 1197 2373 eam
1219 2346 1342 2388 spem
1362 2333 1499 2373 nemi-

41 2403 138 2431 nem
163 2385 388 2444 decipere,
417 2385 471 2429 de
501 2387 587 2443 qua
615 2383 669 2428 P.
698 2386 741 2429 h.
769 2386 802 2429 l.
829 2387 1054 2442 loquatur.
1128 2385 1267 2429 Recte
1298 2388 1500 2443 quidem3

41 2443 121 2488 sed
148 2447 334 2495 temere,
363 2447 414 2486 ut
442 2444 554 2485 hunc
584 2457 761 2485 sensum
788 2442 878 2485 indi
913 2443 1180 2497 iscerentur,
1207 2445 1498 2487 certissimam

39 2500 343 2558 grammatices
360 2501 502 2555 legem
521 2500 805 2555 abrogarunt.
862 2458 946 2541 lgst
972 2499 1086 2541 enim
1116 2495 1142 2556 ἡ
1173 2500 1222 2542 δὲ
1247 2499 1374 2552 ἐλπίς
1402 2516 1499 2557 spes

41 2563 187 2602 autem
215 2571 370 2613 quam
399 2557 517 2599 dixi
546 2559 608 2613 (v.
627 2571 668 2600 v.
687 2557 732 2601 4.
759 2553 785 2612 ἦ
817 2556 865 2598 δὲ
892 2552 1093 2610 ὑπομονὴ
1123 2581 1177 2587 -
1204 2554 1232 2612 ἦ
1259 2558 1308 2600 δὲ
1337 2555 1499 2614 ὁοκιμή

41 2615 100 2659 cl.
121 2615 172 2668 3,
191 2614 300 2668 3⁰.).
368 2610 421 2655 οὐ
440 2614 742 2666 καταισχύνει]
774 2627 856 2655 non
880 2612 1035 2667 pudori
1051 2617 1116 2654 est
1143 2611 1174 2655 i.
1196 2627 1234 2655 e.
1259 2627 1342 2656 non
1372 2613 1500 2671 fallit

41 2672 122 2728 (cf.
141 2675 251 2726 τέ’ζιῗι,
273 2668 349 2714 Ps.
372 2671 477 2723 119,
502 2672 600 2713 116.
635 2673 679 2711 et
709 2668 852 2711 Sirac.
878 2669 930 2722 2,
961 2669 1070 2719 10.).
1135 2667 1289 2711 Rubor
1313 2673 1426 2713 enim
1456 2670 1500 2712 ei

45 2727 313 2770 suffunditur
329 2741 457 2783 quem
482 2741 583 2783 spes
602 2725 778 2768 fefellit.
836 2724 1008 2766 Firmat
1026 2722 1364 2776 P.sententiam‚
1387 2741 1500 2783 quae

46 2784 192 2828 verbis
226 2780 251 2840 ἡ
280 2784 329 2827 δὲ
353 2782 483 2833 ἐλπὶς
511 2780 563 2824 οὗ
591 2777 868 2833 καταισχύνει
899 2780 1168 2835 continetur,
1213 2783 1363 2826 beatae
1388 2786 1501 2825 eltae

45 2854 163 2895 spem
182 2855 260 2885 nos
277 2854 360 2887 non
377 2841 633 2894 destituere,
659 2837 882 2882 vocabulis
912 2836 982 2882 ὅτι
1007 2834 1215 2940 τίῇἰᾶἐνάπη
1238 2865 1291 2874 --
1309 2841 1388 2882 τοῦ
1419 2840 1501 2880 ὁο-
