1752 3347
240 163 330 209 274
524 153 905 203 EPISTOLA
942 154 1049 200 AD
1074 153 1436 209 ROMANOS

244 267 313 312 rei
349 261 510 332 majori
543 266 608 321 (v.
635 261 823 318 6.—8.)
859 260 1063 322 adjungit
1098 262 1308 304 minorem
1336 259 1531 329 dicitque
1555 266 1715 319 Deum,

244 323 323 382 qui
341 336 482 382 majus
504 320 762 363 beneficium
782 320 828 362 in
849 333 928 362 nos
948 319 1213 372 contulerit,
1238 322 1288 361 ut
1306 317 1476 362 Christi
1496 334 1547 362 su
1581 325 1712 378 plicio

244 379 445 424 homines
466 377 690 436 improbos
711 390 860 419 amore
876 375 1093 418 adductus
1115 375 1289 434 expiari
1306 375 1505 433 juberet,
1534 334 1714 422 igniflua

243 437 376 480 etiam
399 450 449 478 ac
468 435 688 493 promtius
710 432 961 476 additurum
985 433 1153 486 minus,
1181 437 1231 475 ut
1261 432 1422 489 quibus
1441 433 1533 493 jam
1562 435 1719 492 propi-

242 495 336 537 tius
356 493 415 535 sit
433 507 509 535 eos
525 506 605 548 per
626 491 843 534 Christum
867 492 916 546 (1
937 490 1102 535 Thess,
1123 493 1163 544 1,
1182 491 1276 544 10.)
1305 495 1350 532 et
1376 504 1402 532 a
1430 491 1718 548 sempiternis

242 549 479 609 suppliciis
506 547 724 591 vindicari
752 551 799 589 et
826 547 920 590 vita
946 549 1128 590 aeterna
1157 547 1308 590 ornari
1328 546 1525 605 patiatur
1549 550 1613 602 (ν.
1636 548 1718 590 Pe·-

242 608 332 664 lay.
363 611 408 649 et
429 605 700 661 Theophqh).
758 602 877 647 Nam
905 609 998 647 tum
1024 604 1201 647 facilius
1231 618 1332 648 esse
1361 604 1589 646 benefieiis
1619 605 1719 646 affi-

240 677 369 718 cere,
400 676 586 720 quocum
605 662 651 704 in
673 661 863 718 gratiam
891 661 1102 715 redieris,
1134 677 1262 719 quam
1289 661 1572 713 inimicitias,
1605 675 1717 719 quae

242 721 326 763 tibi
346 734 443 763 cum
471 719 624 776 aliquo
650 719 985 772 interceserint,
1014 718 1257 777 deponere,
1294 725 1387 760 tum
1417 717 1628 761 credibile
1651 719 1718 760 vi-

241 777 365 831 deri,
413 776 492 834 qui
521 778 705 819 moriens
731 776 968 834 plurimum
996 776 1130 818 alicui
1160 776 1379 833 profuerit
1409 775 1547 817 multo
1575 776 1716 830 magis

240 834 426 880 minoris
446 832 685 876 moliminis
705 847 823 886 rem,
853 847 965 889 quae
985 833 1026 875 ei
1048 835 1213 891 prosit,
1243 832 1498 873 effecturum
1527 847 1626 874 esse
1656 833 1716 874 ι’ἱ-

241 906 365 946 vum,
393 895 445 934 ut
464 889 519 935 P.
539 890 636 948 ipse
655 904 697 934 v.
720 891 790 934 10.
810 890 1072 932 sententiam
1097 904 1137 932 v.
1155 891 1198 932 9.
1225 888 1434 945 explicat.
1491 886 1637 943 Quum
1660 886 1718 933 P.

239 945 290 992 ἐν
317 952 381 991 τῶ
408 946 633 1003 θανάτῳ
665 943 802 989 αὐτοῦ
842 947 989 988 dicere
1026 945 1250 1003 potuisset
1289 946 1352 1000 (v.
1383 958 1424 988 V.
1449 945 1519 989 10.
1558 946 1582 986 l
1611 943 1716 989 Cor.

241 1003 323 1059 15,
348 991 392 1050 3.
438 1005 463 1046 1
486 1003 653 1047 Thess.
679 1003 729 1056 5,
758 1003 850 1059 9.),
904 1001 949 1045 ἐν
987 1005 1051 1058 τῷ
1091 999 1290 1054 αἵματι
1335 997 1472 1042 αὐτοῦ
1510 1002 1717 1057 sanquine

239 1075 364 1121 quem
379 1060 575 1119 profudit
603 1060 802 1102 scribere
828 1058 1007 1111 maluit,
1045 1062 1095 1100 ut
1125 1058 1294 1102 Christi
1324 1058 1587 1115 supplicium
1616 1063 1717 1101 tcm-

240 1132 371 1176 quam
400 1117 567 1161 hostiae
596 1117 791 1169 caedem,
831 1115 886 1157 ad
909 1114 1178 1160 ,ludaeorum
1207 1115 1378 1173 piacula
1403 1114 1618 1164 alludens,
1648 1115 1715 1156 le-

238 1179 410 1217 ctorum
430 1173 636 1216 sensibus
666 1172 989 1215 commendaret
1016 1186 1254 1228 eorumque
1285 1172 1426 1213 oculis
1453 1170 1718 1231 subjiceret:

239 1244 282 1277 v.
303 1230 417 1290 Eph.
443 1232 490 1284 1,
517 1231 561 1274 7.
595 1231 645 1284 2,
668 1230 737 1273 13.
777 1229 874 1273 Col.
897 1230 946 1281 l,
977 1229 1049 1273 20.
1091 1231 1114 1271 l
1134 1228 1236 1273 Joh.
1257 1230 1306 1281 1,
1335 1230 1377 1272 7.
1417 1229 1524 1272 Act.
1544 1229 1714 1279 20‚28.

237 1287 388 1346 Apoc.
412 1290 451 1341 l,
470 1287 512 1331 5.
541 1287 601 1333 al.
660 1285 777 1328 Nam
802 1287 869 1328 vis
898 1286 1105 1328 lustralis
1139 1286 1184 1328 in
1211 1299 1437 1327 caesarum
1468 1286 1714 1327 hostiarum

237 1345 445 1401 sanquine
464 1348 582 1395 erat,
615 1343 689 1400 qui
708 1348 908 1401 arae-aut
926 1357 1079 1385 sacrae
1109 1357 1236 1385 arcae
1266 1342 1609 1400 adspergeretur
1629 1341 1718 1383 Le-

237 1401 318 1445 vit.
339 1401 416 1454 16,
438 1400 509 1445 14.
548 1401 616 1454 17,
640 1402 711 1445 11.
779 1398 1086 1443 Nihilominus
1118 1403 1404 1456 argutantur,
1446 1401 1519 1456 qui
1547 1398 1718 1443 Christi

236 1457 468 1514 sanquine,
498 1470 582 1499 non
600 1460 739 1501 morte
757 1456 981 1500 hominum
1000 1459 1170 1501 scelera
1199 1457 1375 1513 expiata
1404 1471 1501 1498 esse
1524 1456 1714 1498 Paulum

235 1514 334 1557 illis
365 1514 412 1556 in
441 1515 475 1559 l.
501 1512 659 1556 docere
686 1514 940 1572 opinantur.
999 1515 1124 1570 Quae
1155 1513 1330 1571 quidem
1353 1514 1501 1570 opinio
1521 1515 1553 1557 l.
1571 1511 1715 1556 Hehr.

237 1571 290 1624 9,
312 1570 382 1615 13.
404 1584 476 1627 sq.
514 1570 587 1614 22.
608 1584 678 1626 sq.
721 1570 800 1623 13,
830 1571 901 1613 11.
922 1584 992 1627 sq.
1022 1571 1199 1612 minime
1235 1571 1457 1621 firmatur,
1491 1585 1623 1627 quum
1652 1569 1714 1611 ibi

237 1625 410 1672 Christi
447 1627 629 1682 sanguis
666 1634 1054 1680 commemoretur,
1098 1633 1147 1670 ut
1185 1625 1293 1671 Jesu
1331 1627 1596 1684 supplicium
1667 1641 1716 1668 er

235 1683 560 1726 contentionem
581 1682 637 1725 ad
656 1684 774 1725 ritus
793 1698 902 1728 mOS.
922 1685 1140 1739 exigatur.
1199 1682 1321 1740 Quin
1344 1684 1456 1736 loca,
1485 1684 1527 1725 in
1553 1641 1716 1741 quiiius

237 1739 412 1785 Christi
440 1741 638 1796 sanquinz‘
663 1740 870 1782 lustralis
897 1741 964 1783 vis
993 1741 1233 1795 tribuitur,
1283 1741 1363 1782 hoc
1398 1740 1715 1794 tantummodo,

236 1796 357 1855 quod
372 1796 438 1839 ibi
457 1797 738 1840 commotiore
758 1798 904 1840 animo
927 1799 1090 1840 rituum
1110 1797 1204 1857 jud.
1224 1798 1338 1840 ratio
1363 1797 1570 1850 habetur,
1602 1813 1715 1854 quae

234 1855 451 1897 lectorum
470 1852 640 1895 animos
664 1868 803 1910 aeque
824 1855 1012 1907 afficiat,
1041 1855 1096 1897 ab
1115 1857 1170 1897 iis
1194 1854 1418 1907 differunt,
1447 1853 1522 1896 ubi
1544 1854 1715 1898 Christi

236 1924 354 1954 mors
372 1910 623 1952 hominibus
646 1910 784 1953 saluti
807 1910 948 1953 fuisse
985 1911 1247 1970 simpliciter
1274 1911 1535 1955 affirmatur.
1593 1911 1713 1953 Male

235 1967 443 2010 nonnulli
477 1970 656 2010 vertunt
693 1965 790 2023 ejus
827 1971 980 2012 morte.
1048 1968 1206 2025 Neque
1237 1968 1351 2009 enim
1394 1965 1581 2020 αἱζιιατος
1617 1982 1712 2013 voc.

235 2028 418 2068 monem
434 2023 698 2082 simpliciter
715 2024 965 2080 significat,
996 2026 1199 2081 quoniam
1223 2025 1298 2081 qui
1319 2023 1432 2066 diem
1462 2038 1713 2081 supremum

235 2080 402 2123 obeunt
447 2081 710 2139 plerumque
752 2081 848 2124 sine
886 2083 1115 2138 sanguinis
1153 2081 1412 2140 profusione
1450 2081 1714 2127 moriuntur.

234 2136 402 2181 Melius
424 2136 495 2181 illi
516 2137 614 2194 ejus
634 2138 761 2181 caede
779 2153 817 2183 S.
839 2153 940 2181 nece
959 2140 1296 2182 convertissent.
1356 2137 1573 2194 Quoniam
1595 2140 1709 2181 enim

234 2193 393 2238 caedes
416 2209 512 2237 cum
535 2194 762 2251 sanguinis
781 2195 1040 2253 profusione
1061 2197 1288 2256 conjuncta
1309 2210 1408 2238 esse
1428 2197 1543 2238 solet
1562 2196 1714 2253 (Suet.

234 2251 383 2308 calig.
425 2266 462 2296 c.
493 2251 608 2307 29.),
657 2252 820 2294 factum
862 2258 954 2303 est,
1001 2257 1051 2296 ut
1079 2264 1133 2298 1:27
1173 2253 1321 2310 (Gen.
1354 2253 1432 2306 37,
1459 2254 1564 2308 26.)
1601 2246 1712 2307 αἷμα

259 2309 430 2354 Aesch.
450 2308 578 2353 Eum.
599 2309 758 2354 v.7⁵2.
789 2305 898 2365 ἀνήρ
925 2307 997 2352 ὅδ’
1027 2301 1136 2354 {m}
1168 2325 1296 2366 ἐυγεν
1328 2308 1562 2363 αἵματος
1593 2310 1711 2365 [cae-

268 2366 327 2421 is]
361 2363 501 2422 δίκην.
530 2366 591 2411 ib.
617 2380 658 2411 V.
680 2366 782 2409 204.
819 2365 977 2426 Suppl.
1006 2381 1048 2412 V.
1067 2369 1110 2411 6.
1138 2325 1375 2410 ῗὴηιοεῆι.
1404 2365 1502 2411 adv.
1524 2366 1634 2410 Mid.
1664 2381 1709 2425 p.

236 2421 336 2466 ⁵48.
366 2421 436 2467 ed.
458 2421 604 2468 Reisk.
633 2448 688 2455 —
718 2419 793 2479 ἐφ’
827 2421 982 2478 αἵματι
1010 2421 1207 2480 φεύγειν.
1238 2423 1399 2467 Matth.
1422 2423 1492 2475 27,
1513 2425 1555 2468 6.
1575 2423 1643 2479 8.)
1663 2426 1707 2464 et

235 2480 410 2534 sanquis
429 2479 552 2535 (Liv.
572 2479 615 2534 5,
634 2480 707 2524 21.
735 2481 778 2533 6,
797 2480 894 2535 20.)
924 2480 986 2522 ibi
1007 2485 1298 2539 ponerentur,
1328 2481 1404 2523 ubi
1437 2483 1580 2524 minus
1607 2493 1707 2522 san-

234 2535 410 2588 guinem
438 2536 648 2585 effusum,
689 2551 816 2594 quam
874 2542 1019 2581 actam
1059 2539 1228 2581 caedem
1269 2539 1513 2595 scriptores
1549 2535 1705 2579 animis

233 2591 566 2639 informassent.
635 2593 799 2638 Contra
873 2594 1042 2648 vidius,
1094 2595 1195 2652 quia
1238 2596 1469 2650 sanguinis
1510 2593 1704 2653 profusio

234 2660 333 2691 oum
361 2661 463 2691 nece
489 2650 721 2710 conjuncta
746 2652 991 2707 cogitatur,
1031 2665 1177 2695 necem
1206 2653 1463 2695 memoravit
1494 2665 1572 2709 pro
1604 2664 1705 2690 san-

268 2703 392 2757 uine,
439 2706 490 2748 de
518 2714 613 2750 arte
641 2709 815 2751 amandi
847 2707 922 2761 11,
953 2724 999 2753 τ.
1013 2709 1116 2753 714.
1175 2708 1321 2763 „Illis
1353 2715 1396 2751 te
1426 2708 1548 2762 tangi
1566 2707 1705 2748 mani-

267 2774 344 2814 us,
372 2760 548 2815 Brisei,
578 2765 780 2815 sinebas,
807 2769 812 2820 1
840 2766 1033 2809 imbutae
1057 2763 1256 2823 Phrygia
1281 2781 1390 2824 quae
1411 2780 1509 2808 nece
1527 2778 1704 2820 sempor

235 2813 434 2861 erant?'‘
493 2819 583 2875 Τὴν
611 2820 744 2879 ὀργήν
775 2822 828 2870 P.
858 2824 969 2868 iram
997 2828 1147 2879 vocat,
1175 2839 1304 2881 quam
1324 2823 1448 2866 Deus
1477 2828 1704 2879 expromet
