1752 3347
196 214 254 256 70
479 211 856 256 EPISTULA
887 212 990 255 AD
1021 212 1383 258 ROMANOS

199 322 263 372 (v.
283 319 378 376 23.)
387 319 494 376 jure
512 319 744 375 meritoque
765 319 888 362 Deus
905 319 959 361 iis
974 333 1155 374 poenam
1176 320 1192 362 i
1199 334 1288 363 rro
1296 321 1449 375 yavit
1469 322 1534 377 (v.
1549 320 1662 377 24.).

197 374 371 419 Versus
391 382 533 419 autem
544 375 618 418 24.
637 389 733 418 cum
754 374 899 419 vs.25.
921 375 1025 418 haec
1042 377 1157 418 ratio
1179 382 1273 420 est:
1296 375 1404 431 jure
1420 377 1541 420 Deus
1552 380 1665 422 male

195 433 242 476 in
261 434 441 489 gentiles
471 433 749 475 consuluit
777 435 840 488 (v.
866 432 990 488 24.)‚
1026 447 1156 491 qicaeaem
1183 434 1292 489 ipsi
1319 433 1371 474 in
1399 433 1569 478 Deum
1592 436 1663 477 de-

197 489 282 532 bito
300 490 455 532 honore
473 489 513 530 ei
530 488 725 532 detracto
748 489 863 532 male
891 490 1297 533 consuluissent
1315 491 1379 546 (ν.
1406 490 1516 545 25.).
1576 488 1663 534 Po·

193 550 357 590 stremo
379 543 495 602 quod
515 559 596 587 nos
615 546 882 601 cogitatione
908 545 1224 598 distinguimus
1253 547 1556 590 immittere
1582 549 1663 591 ala·-

195 604 295 659 qm‘tl
313 604 456 645 Deum
488 607 533 644 et
559 603 891 656 permittere
918 619 1015 646 eum
1041 608 1087 646 ut
1117 604 1280 661 aliquid
1302 603 1385 657 fiat
1416 602 1469 648 P.
1501 609 1549 646 et
1572 609 1666 646 tot·

192 659 434 715 antiquitas
454 658 751 713 confundunt,
782 675 916 717 quum
941 666 1174 717 utrumque
1201 660 1451 718 promiscue
1479 675 1667 703 comme-

193 721 388 768 morent,
429 716 492 758 ita
526 716 727 773 quidem,
769 722 817 759 ut
853 732 955 761 raro
983 717 1038 761 de
1064 718 1153 761 Dei
1178 718 1398 776 permissu
1427 719 1667 775 loquantur

194 773 322 827 [Act.
345 773 414 826 14,
430 774 541 828 16.]‚
576 789 707 832 saepe
728 774 791 816 ibi
810 774 956 817 Deum
978 775 1149 832 aliquid
1171 776 1362 832 effecisse
1387 774 1666 828 contendant,

191 829 267 872 ubi
298 845 377 872 nos
407 829 498 873 Dei
527 830 748 890 majestati
776 833 1024 875 consulturi
1054 847 1145 875 rem
1173 833 1236 875 sic
1266 833 1425 873 animis
1457 832 1666 874 informa-

191 901 310 939 mus,
338 901 423 930 non
438 889 728 932 intercessisse
745 888 916 942 Deum,
947 905 1034 946 quo
1061 891 1204 932 minus
1225 889 1397 944 aliquid
1421 890 1550 931 fieret
1575 888 1665 933 vid.

192 957 231 988 v.
251 945 322 988 26.
346 943 419 989 28.
444 944 474 986 2
493 944 659 990 Thess.
685 946 811 998 2,11.
837 945 946 991 Act.
973 949 1015 1001 7,
1027 948 1101 990 42.
1131 947 1234 991 Joh.
1267 947 1419 996 12‚⁴o.
1451 945 1595 990 Sirac.
1622 946 1667 998 4,

189 1001 260 1045 19.
290 1000 368 1046 Ps.
391 1001 548 1053 81,l3.
577 1002 674 1047 Jes.
701 1002 855 1057 63,17.
884 1004 963 1048 al..
1031 1002 1293 1061 Cuiusmodi
1330 1003 1363 1047 l.
1392 1003 1668 1058 θεοπρεπῶς

189 1062 239 1099 ut
258 1073 354 1101 cum
377 1059 489 1116 ipsis
507 1059 680 1116 loquar,
707 1061 735 1104 i.
756 1075 794 1103 e.
814 1061 864 1102 de
887 1061 974 1103 Dei
994 1054 1220 1117 permissu,
1252 1075 1382 1116 quam
1404 1060 1582 1114 linguae
1601 1059 1666 1102 le-

187 1115 318 1170 gibus
346 1122 642 1170 congruenter
675 1117 962 1172 interpretari
993 1118 1096 1159 olim
1129 1118 1381 1158 maluerunt
1401 1115 1463 1160 N.
1490 1116 1551 1159 T.
1588 1130 1666 1158 ex-

218 1173 426 1216 licatores
450 1173 526 1228 [cf.
544 1174 644 1217 Chr.
667 1175 740 1218 Fr.
761 1173 997 1228 Schmid.],
1027 1175 1143 1216 falsat
1171 1174 1242 1215 illi
1268 1172 1505 1227 relligione
1531 1171 1668 1217 ducti.

237 1229 438 1272 ummodo
465 1231 579 1272 enim
609 1236 805 1274 sunctum
825 1230 970 1272 Deum
1001 1231 1146 1272 animo
1177 1230 1455 1288 conceperis,
1491 1230 1667 1286 qualem

187 1285 242 1332 P.
263 1292 382 1330 certe
400 1293 633 1329 veneratus
652 1293 744 1341 est,
774 1287 885 1329 nihil
906 1286 962 1329 ad
981 1301 1073 1330 rem
1094 1288 1222 1340 facit,
1251 1295 1398 1330 utrum
1416 1288 1669 1342 permittere

186 1343 360 1398 Deum,
390 1349 439 1386 ut
458 1344 656 1386 homines
676 1344 874 1402 improbe
893 1345 964 1387 vel
984 1345 1181 1387 sentiant
1208 1345 1278 1387 vel
1305 1349 1440 1400 agant
1466 1358 1561 1386 cum
1590 1357 1668 1386 no·

186 1402 295 1444 stris
314 1401 566 1443 hominibus
585 1402 832 1455 existimes,
863 1416 919 1443 an
941 1401 1089 1459 fucere
1110 1417 1223 1453 eum,
1256 1410 1301 1444 ut
1325 1401 1545 1445 hominum
1565 1415 1667 1443 con-

185 1458 290 1501 silia
310 1462 624 1516 pervertantur
652 1473 883 1516 moresque
912 1464 1275 1516 corrumpantur,
1315 1458 1563 1516 simplicem
1589 1472 1666 1500 an·

183 1515 435 1573 tiquitatem
455 1521 672 1572 sequutus
691 1516 943 1560 arbitreris,
1001 1515 1183 1558 Scilicet
1202 1516 1296 1568 illi,
1329 1516 1404 1572 qui
1424 1515 1570 1557 Deum
1597 1528 1667 1557 re·

183 1572 268 1615 bus
289 1572 494 1615 humanis
515 1574 656 1628 ipsum
672 1573 955 1630 interponere
981 1586 1067 1614 non
1095 1573 1291 1620 soleant,
1321 1572 1495 1627 legibus
1522 1576 1666 1614 aeter-

184 1644 286 1672 num
305 1629 512 1672 valituris
533 1634 577 1671 et
596 1629 755 1685 quibus
783 1644 908 1671 nemo
938 1629 1137 1670 solvatur
1166 1628 1372 1671 mundum
1404 1643 1428 1670 a
1458 1628 1558 1671 Deo
1588 1643 1666 1685 gu·

183 1686 365 1729 hernari
382 1691 588 1737 censent,
617 1686 796 1728 tametsi
817 1700 930 1743 quae
951 1686 1130 1728 illarum
1149 1687 1296 1741 legum
1320 1686 1363 1727 vi
1391 1685 1567 1740 singula
1595 1699 1669 1726 ac-

183 1743 333 1786 cidant
350 1747 533 1785 eatenus
553 1741 701 1785 Deum
731 1743 931 1785 effecisse
959 1743 1136 1784 minime
1168 1748 1354 1797 negent,
1386 1749 1605 1799 quatenus
1628 1741 1669 1784 is

183 1800 289 1843 illas
310 1801 433 1854 leges
451 1798 640 1843 dederit.
680 1799 843 1844 Contra
865 1805 1038 1842 veteres
1059 1813 1219 1841 numen
1239 1798 1326 1843 div.
1348 1800 1488 1855 ipsum
1506 1797 1670 1842 mundo

183 1858 425 1916 praeficere
445 1857 594 1909 soliti,
622 1857 825 1912 singulas
846 1857 990 1899 Deum
1018 1871 1092 1899 res
1123 1857 1268 1915 ipsum
1297 1857 1483 1913 exsequi
1510 1855 1670 1899 animis

184 1914 272 1957 sibi
292 1915 603 1958 informarunt.
661 1914 758 1957 Hoc
785 1913 841 1956 ad
871 1919 1071 1956 nostrum
1098 1914 1132 1957 l.
1166 1914 1449 1957 transferam.
1509 1912 1669 1957 Nostri

183 1971 321 2028 igitur
349 1971 571 2023 homines,
612 1986 744 2027 quum
791 1972 897 2013 hanc
927 1971 1072 2013 Deum
1103 1972 1245 2026 legem
1278 1971 1323 2012 in
1352 1970 1669 2028 sempiternum

185 2029 388 2072 sanxisse
409 2028 690 2082 existiment,
722 2034 771 2071 ut
795 2029 992 2086 suscepti
1010 2027 1064 2070 de
1083 2029 1262 2070 numine
1284 2026 1372 2071 div.
1392 2042 1592 2081 errores,
1623 2026 1669 2069 in

186 2099 346 2142 magno
380 2085 647 2143 praesertim
684 2086 976 2143 cupiditatum
1008 2085 1194 2139 ardore,
1232 2084 1432 2143 improbe
1459 2086 1574 2128 sacta
1601 2084 1670 2139 gi-

187 2149 349 2199 gnant,
379 2143 443 2184 sic
465 2143 729 2199 loquantur:
763 2143 969 2199 quoniam
996 2143 1188 2198 gentiles
1215 2143 1262 2185 in
1292 2142 1583 2195 gravissimos
1614 2140 1669 2183 de

187 2201 365 2243 numine
385 2198 472 2243 div.
497 2214 674 2242 errores
695 2215 743 2242 se
766 2199 910 2243 induci
933 2200 1055 2258 passi
1075 2204 1178 2242 sunt
1196 2201 1259 2256 (v.
1288 2200 1362 2243 22.
1388 2199 1484 2254 23.)
1508 2199 1669 2255 permi-

185 2259 241 2300 sit
259 2257 386 2300 Deus
401 2289 412 2310 ,
474 2257 519 2298 ui
539 2257 663 2298 illam
687 2273 809 2300 suam
830 2258 972 2312 legem
995 2262 1220 2299 aeternum
1242 2256 1480 2297 valituram
1502 2269 1555 2297 ne
1577 2261 1670 2297 tum

188 2314 363 2370 quidem
392 2315 455 2356 tol
479 2318 597 2367 eret,
637 2318 686 2356 ut
716 2330 848 2371 quum
882 2314 1202 2373 cupiditatibus
1231 2313 1472 2368 flagrarent
1501 2312 1669 2370 impure

188 2373 384 2414 viverent
415 2374 479 2427 (v.
510 2371 623 2427 24.).
683 2372 751 2414 At
784 2370 836 2415 P.
871 2386 924 2414 ex
956 2370 1237 2428 antiquitatis
1272 2370 1449 2423 ingenio
1480 2369 1545 2411 sic
1579 2383 1669 2411 rem

188 2429 333 2469 animo
363 2429 589 2482 concepit:
630 2429 731 2485 quia
765 2429 882 2470 caeci
911 2435 1036 2471 erant
1067 2430 1109 2469 in
1144 2427 1278 2469 rebus
1309 2426 1398 2470 div.
1433 2428 1510 2469 sua
1540 2426 1668 2484 culpa

191 2486 378 2527 ventiles
398 2488 460 2540 (V.
492 2486 564 2528 22.
595 2487 712 2541 23),
753 2486 936 2529 tradidit
964 2501 1040 2528 eos
1060 2485 1211 2533 Deus,
1250 2483 1570 2542 cupiditatibus
1598 2497 1668 2524 ar-

188 2516 366 2591 dentes,
396 2543 595 2600 impurae
625 2544 742 2585 vitae
771 2544 834 2598 (v.
862 2542 983 2596 24.)‚
1023 2542 1099 2608 qui
1132 2557 1350 2599 ηυηιμιαηι
1379 2557 1462 2584 non
1487 2540 1668 2590 efficiat,

189 2603 238 2641 ut
257 2613 308 2640 ex
333 2599 423 2641 illis
446 2601 673 2642 erroribus
696 2615 865 2642 morum
888 2600 1121 2657 impuritas
1141 2604 1455 2656 consequatur.
1502 2597 1665 2653 Quam-

190 2654 339 2697 obrem
367 2654 415 2699 l’.
436 2658 566 2698 verba
594 2672 733 2715 neque
762 2657 982 2699 hominum
1012 2656 1266 2699 libertatem
1297 2656 1487 2707 tollunt,
1527 2668 1668 2709 neque

192 2712 336 2755 Deum
359 2721 632 2768 peccatorum
655 2719 845 2757 satorem
873 2714 1041 2757 faciunt
1073 2728 1216 2771 neque
1244 2714 1378 2771 impio
1404 2711 1563 2755 decreti
1593 2711 1668 2752 ab·

191 2770 319 2812 soluti
350 2771 379 2812 i.
409 2784 448 2812 e..
479 2771 636 2817 ferrei,
679 2772 796 2829 quod
827 2772 952 2814 Deus
986 2771 1160 2813 minime
1191 2776 1369 2813 sanctus
1397 2773 1549 2821 regat,
1588 2766 1667 2808 sati

192 2830 434 2868 commento
454 2826 601 2868 favent
624 2831 697 2883 [cs.
720 2829 884 2872 Calvi».
906 2835 950 2871 et
972 2829 1120 2871 Bezae
1140 2827 1196 2870 ad
1221 2828 1263 2870 h.
1286 2828 1355 2880 Μ.
1415 2823 1504 2868 Sed
1535 2838 1667 2880 quum

196 2882 247 2926 P.
273 2882 317 2926 id
343 2884 487 2942 ipsum
517 2882 655 2935 dicat,
696 2885 812 2940 quod
846 2900 924 2927 nos
952 2899 1000 2928 re
1026 2885 1162 2927 aliter
1191 2884 1336 2925 animo
1370 2883 1576 2940 concepta
1607 2881 1667 2924 ita
