1752 3347
240 217 324 264 180
516 212 894 260 EPISTOLA
926 212 1029 256 AD
1060 211 1423 260 ROMANOS

237 327 429 367 favorem
446 322 791 366 nancisceretur.
848 318 1088 376 Superest,
1117 324 1168 362 ut
1196 332 1283 376 quo
1311 319 1484 362 viuculo
1513 334 1555 366 ν.
1584 319 1703 364 διότι

237 405 294 413 --
319 376 513 422 ἐνώπιον
539 377 675 420 αὐτοῦ
703 392 798 419 cum
822 390 862 421 V.
885 377 955 421 19.
984 375 1279 419 connectenda
1307 375 1422 428 sint,
1459 377 1703 421 ostendam.

238 437 329 494 Qui
357 433 475 478 διότι
504 449 660 491 quam
688 433 847 476 obrem
875 433 906 476 i.
928 447 967 477 e.
986 432 1098 475 hanc
1115 433 1164 476 ob
1182 447 1297 485 rem,
1325 436 1579 488 propterca,
1601 448 1703 489 pro-

236 494 333 536 inde
353 492 430 548 (cf.
451 496 542 535 not.
562 490 618 532 ad
638 493 662 533 l
677 524 690 544 ,
711 491 802 545 19.)
823 493 1033 532 enarrant
1058 493 1120 545 (v.
1142 503 1180 534 c.
1200 489 1326 532 Beza
1351 494 1395 530 et
1413 488 1580 542 filma),
1609 491 1701 547 Ap.

236 564 278 594 v.
296 551 368 593 20.
402 548 617 590 rationem
644 546 904 590 concludere
934 551 1112 604 putant:
1170 545 1453 598 Quamobrem
1480 546 1576 603 (np.
1596 559 1705 602 quo-

236 607 351 648 niam
374 603 521 649 Codex
543 619 582 649 s,
601 618 750 647 omnes
770 604 967 646 homines
989 603 1287 645 obmutescere
1310 601 1438 662 jubet
1465 614 1704 658 omnesque

234 663 335 706 Deo
356 661 572 704 obnoxios
591 675 690 704 esse
711 662 807 704 vult
832 674 875 706 v,
895 661 990 715 19.)
1017 674 1137 702 nemo
1166 660 1390 717 quisquam
1407 658 1490 714 19φὶ
1509 673 1612 702 mos.
1631 657 1705 700 ob-

234 718 513 774 temperando
535 718 629 761 Deo
653 717 924 774 probabitur.
977 718 1046 760 At
1072 717 1112 759 si
1135 715 1187 761 P.
1215 715 1295 758 boc
1326 714 1452 758 modo
1472 728 1705 770 argumen-

235 781 328 819 tum
350 775 667 829 conclusisset,
699 774 744 817 in
762 789 803 818 v.
824 770 943 817 διότι
962 798 1015 806 -
1035 771 1226 816 ἐνώπιον
1245 768 1382 816 αἰτοῦ
1408 772 1705 823 substitisset,

235 848 321 875 non
350 831 588 892 adjecisset
615 845 734 876 vocc.
763 831 841 873 διὰ
869 830 951 886 γὰρ
981 846 1017 873 ν.
1044 827 1078 873 ἒ.
1112 825 1176 880 ἆ.,
1216 843 1327 887 quae
1355 843 1531 871 causam
1571 830 1703 887 plane

234 891 392 943 aliam,
420 903 497 930 cur
524 887 574 939 ἐξ
601 884 740 944 ἔργων
765 886 903 941 νόμου
931 887 1232 944 δικαιωθῆναι
1257 899 1381 927 nemo
1434 886 1568 938 ossit,
1596 883 1704 927 affe-

232 951 361 1000 runt,
391 959 519 1002 quam
551 958 662 1001 quae
689 944 769 987 hoc
788 949 915 1001 pacto
942 958 1006 987 νε.
1031 944 1100 987 19.
1121 942 1382 999 comprehen
1416 948 1582 986 eretur.
1637 940 1704 983 11-

230 1003 310 1046 lud
336 1009 483 1055 taceo,
524 1001 641 1059 quod
672 1015 757 1044 non
785 1007 948 1043 temere
977 999 1196 1043 Codex‘s.
1223 998 1425 1040 omnibus
1452 998 1703 1040 hominibus

231 1060 458 1103 silentium
482 1058 717 1116 imposuit,
745 1057 823 1099 sed
845 1057 945 1114 quia
964 1056 1061 1099 fieri
1080 1069 1165 1097 non
1185 1060 1359 1112 potest,
1386 1059 1437 1097 ut
1465 1056 1702 1112 quisquam

232 1122 440 1174 tanquam
469 1116 568 1171 lege
594 1129 704 1159 mos.
731 1115 860 1172 plane
887 1126 1149 1170 semperque
1174 1113 1349 1154 servata
1385 1118 1504 1155 recte
1546 1125 1703 1170 super-

232 1174 340 1218 biat.
397 1172 513 1215 Hinc
537 1169 653 1213 ὂιότι
675 1176 751 1213 aut
768 1170 938 1225 virgula
959 1175 1061 1228 post
1087 1169 1150 1224 τῷ
1166 1170 1263 1224 θεῷ
1289 1170 1432 1212 locat-'⁴1
1459 1174 1704 1225 propterea,

230 1231 340 1288 qumi
363 1228 461 1286 (διὰ
481 1229 626 1277 τοῦτο,
662 1225 754 1280 ὅτι)
769 1261 780 1281 ,
812 1232 903 1280 aut,
936 1225 1054 1284 quod
1072 1225 1300 1283 praefero,
1330 1241 1430 1268 nam
1453 1227 1507 1282 (i.
1528 1241 1572 1283 q.
1594 1222 1701 1279 ὅτι),

231 1302 364 1344 quum
391 1287 519 1343 plene
546 1288 648 1342 post
678 1286 741 1340 τῷ
770 1285 868 1340 θεῷ’
898 1283 1252 1341 interpunxeris,
1281 1297 1333 1325 ex
1370 1282 1588 1326 licandum
1617 1287 1702 1335 est,

230 1350 280 1386 ut
302 1358 433 1386 versu
452 1343 524 1385 20.
549 1341 765 1383 sententia
787 1355 827 1384 v.
845 1341 913 1386 19.
933 1341 1135 1383 firmetur
1157 1340 1200 1383 b.
1216 1353 1279 1383 r.:
1309 1298 1481 1397 (Eodcx
1500 1355 1538 1385 s,
1558 1353 1701 1382 omnes

228 1401 420 1442 homines
462 1399 754 1441 conticescere
786 1397 916 1456 jubet
952 1411 1173 1454 omnesque
1208 1395 1307 1439 Deo
1350 1397 1565 1440 obnoxios
1601 1410 1700 1438 esse

230 1457 325 1500 vult
351 1471 392 1500 v,
421 1457 489 1500 19.
530 1455 670 1509 Jure.)
729 1455 865 1497 Nam
894 1468 975 1497 non
1002 1455 1124 1498 credo
1147 1452 1372 1510 futurum,
1410 1460 1459 1498 ut
1488 1455 1699 1508 obtempe-

228 1513 378 1556 ranna
399 1513 482 1568 Icyi
499 1526 605 1555 mos,
623 1513 841 1567 praestita
870 1512 1152 1568 quisquam
1180 1511 1275 1552 Deo
1294 1511 1513 1566 probetur.
1570 1510 1639 1552 Ha
1648 1523 1699 1550 nc

229 1570 492 1612 sententiam
520 1567 574 1612 P.
603 1582 644 1612 v,
674 1566 750 1609 διὰ
776 1567 858 1623 γὰρ
886 1584 922 1609 ι’.
953 1566 987 1610 ε’.
1020 1565 1093 1619 ἀμ.
1124 1573 1381 1621 argumento
1409 1569 1572 1617 munit,
1613 1581 1699 1623 quo

228 1627 498 1669 contrarium
526 1625 670 1666 facore
696 1624 838 1678 legem
869 1638 1004 1676 m05.‚
1037 1638 1165 1679 quam
1194 1623 1311 1679 quod
1337 1625 1480 1666 facere
1504 1623 1698 1677 deberet,

228 1697 267 1726 s.
316 1680 395 1739 τὴν
443 1677 724 1735 δικαιοσύνην
769 1695 806 1722 τ.
844 1682 893 1722 θ.
933 1679 1183 1722 hominibus
1222 1682 1503 1734 conciliaret,
1555 1681 1699 1725 docet.

226 1738 398 1796 Nempe
426 1738 600 1780 efficere
628 1736 831 1787 deberet,
869 1742 918 1779 ut
956 1737 1124 1794 peccati
1153 1738 1403 1780 memoriam
1432 1737 1700 1796 deponeres3

227 1801 274 1838 at
295 1795 565 1838 contrarium
587 1793 749 1844 efficit5
780 1793 909 1836 affert
932 1795 1045 1837 enim
1067 1793 1235 1848 peccati
1263 1796 1459 1837 notitiam
1491 1795 1543 1850 (i.
1565 1809 1603 1838 e.
1631 1795 1698 1836 sa-

227 1854 288 1895 cit
307 1858 351 1895 te
372 1852 539 1910 peccati
560 1851 847 1902 familiarem3
875 1852 930 1896 cf.
951 1852 1080 1894 Rom.
1101 1851 1150 1901 7,
1170 1851 1236 1904 7.)
1265 1852 1518 1908 adducitque
1537 1858 1696 1894 tetram

227 1914 273 1951 et
301 1910 530 1951 immanem
557 1907 774 1960 belluam,
802 1923 937 1964 quae,
966 1915 1014 1950 ut
1042 1906 1240 1950 homines
1259 1907 1359 1949 Deo
1387 1908 1698 1966 probarentur,

224 1966 420 2024 fuqanda
469 1964 715 2007 necandave
763 1969 876 2008 erat.
949 1967 1155 2022 Apparet
1201 1978 1225 2005 e
1265 1966 1360 2006 mezi
1400 1966 1698 2021 enarratione,

227 2027 512 2087 praecipuum
539 2025 709 2084 pondus
737 2025 898 2068 habere
926 2040 967 2070 V.
1000 2023 1258 2085 ἐπίγνωσις
1286 2022 1528 2082 ἁμαρτίας,
1563 2033 1613 2070 ut
1638 2028 1696 2071 iis

225 2088 394 2144 peccati
420 2087 624 2130 oblivio
647 2087 848 2144 vitaeque
870 2088 1116 2132 innocentia
1138 2087 1271 2131 tacite
1294 2095 1566 2146 opponatur:
1594 2104 1696 2133 nam

226 2163 305 2205 per
340 2149 474 2205 leqem
514 2149 720 2205 continyit
756 2150 961 2192 notitia
996 2151 1166 2206 peccati
1201 2147 1482 2213 (ἐπίγνωσις
1509 2149 1696 2208 ἁμαρ-
1747 2197 1752 2205 ,

227 2213 375 2264 τίᾱς,
418 2210 470 2255 οὗ
500 2211 650 2273 λήθη
682 2209 924 2271 ἁμαρτίας,
965 2217 1043 2261 οὐκ
1074 2215 1445 2279 ἀναμιαρτησιά,
1485 2233 1569 2262 vion
1596 2234 1696 2274 pec-

227 2276 318 2318 cati
367 2275 452 2317 obl
462 2275 475 2317 ἰ
485 2277 594 2329 vio,
652 2291 733 2319 non
784 2292 948 2321 morum
993 2280 1232 2323 innocentia
1245 2282 1277 2335 ).
1354 2283 1469 2326 Gale.
1486 2315 1499 2334 ‚
1553 2281 1696 2334 Bcza,

229 2331 400 2384 Limb„
420 2332 596 2388 Betoyel.
615 2334 674 2378 al.
694 2341 943 2390 exponunt:
972 2351 1073 2379 nam
1091 2351 1172 2391 per
1192 2338 1322 2394 Ieyem
1342 2339 1519 2395 obtinqit
1539 2338 1696 2395 aqui-

229 2390 306 2454 tio
335 2390 398 2444 (v.
427 2387 730 2445 ἐπιγινώσκειν
757 2406 984 2447 aquosccre
1010 2393 1150 2437 Marc.
1171 2396 1223 2447 6,
1252 2397 1348 2448 33.)
1374 2397 1565 2450 peccati,
1595 2408 1693 2452 quo

227 2460 311 2510 sts·
334 2447 779 2500 contaminatus,
812 2463 954 2505 neque
978 2452 1116 2492 multo
1145 2467 1273 2494 secus
1290 2453 1448 2496 Rueck.
1475 2453 1558 2496 aL:
1593 2463 1690 2494 uam

230 2501 308 2555 [οφ
351 2516 455 2546 mos.
496 2504 734 2559 coquitio
771 2507 940 2558 peccate·
973 2508 1170 2560 debetur,
1209 2510 1342 2565 quod
1379 2514 1431 2552 te
1467 2509 1689 2552 dehone-

227 2563 275 2598 s!
288 2563 338 2600 et
367 2559 410 2602 b.
430 2573 469 2602 e.
495 2560 569 2602 Iex
587 2575 690 2604 mos.
711 2560 870 2618 efficit,
900 2568 946 2606 ut
977 2569 1094 2606 tuam
1114 2566 1440 2619 perversitatem
1463 2566 1689 2621 intelliqas,

228 2627 268 2657 s.
297 2628 518 2668 aynescas.
576 2616 790 2660 Neutrum
820 2619 915 2676 Ap.
941 2618 1108 2663 dixisse
1134 2622 1343 2666 arbitror.
1369 2623 1479 2666 Alio
1515 2623 1610 2671 inin,
1641 2627 1689 2663 ut

228 2682 254 2710 a
295 2670 534 2736 lect-oribus
580 2680 699 2716 recte
737 2675 1085 2731 intelligeretur,
1135 2680 1364 2735 perspicue
1402 2686 1445 2721 et
1482 2639 1689 2722 distincte.

229 2735 507 2782 scripsisset:
538 2730 613 2772 διὰ
635 2730 715 2787 γὰρ
736 2732 871 2785 νόμον
902 2732 1102 2785 κακίας
1128 2743 1187 2789 (s.
1219 2734 1416 2786 ἀδικίας)
1440 2735 1686 2789 ἐπίγνωσις.

228 2781 467 2850 Perper-”un
506 2787 777 2841 Tlu‘odoret„
817 2804 942 2845 quein
982 2792 1104 2835 (ἕν-οἲ.
1143 2793 1359 2843 imitatur,
1400 2806 1530 2847 quum
1564 2790 1614 2835 P.
1647 2807 1688 2838 ν.

229 2841 304 2881 δια
332 2856 414 2895 γαρ
446 2841 580 2893 νόμον
608 2841 640 2886 ε’.
676 2841 748 2897 ἂμ.
784 2861 834 2887 eo
866 2847 950 2889 {ine
977 2847 1191 2905 adjecisse
1210 2851 1486 2907 opinaretur,
1516 2864 1569 2891 nc.
1619 2849 1689 2893 uis

228 2897 366 2947 legem
390 2911 497 2941 moS.
527 2899 655 2954 plane
684 2901 881 2944 inutilem
915 2899 1054 2947 fuiss}-
1081 2911 1275 2963 putaret,
1313 2905 1475 2960 insigni
1498 2865 1689 2965 poniiere
