1752 3347
201 180 288 223 23⁴
481 176 863 223 EPISTOLA
892 177 997 220 AD
1029 175 1390 222 ROMANOS

202 285 333 326 etiam
355 287 542 343 poenas)
569 285 686 342 parit
711 285 842 340 (non,
871 287 920 325 ut
941 281 1029 326 div.
1050 283 1341 340 promissum,
1371 283 1666 327 liberalitates

201 346 246 382 et
272 341 521 397 beneficia).
581 340 880 384 Sententiam:
918 334 942 380 ὅ
973 340 1056 395 γὰρ
1086 356 1120 380 ν.
1150 335 1187 380 ὅ.
1218 336 1554 394 κατεργάζεται.
1592 356 1665 382 ve-

201 412 292 439 ram
315 414 413 440 esse
436 398 527 455 Ap.
547 397 675 440 docet
702 397 874 440 verbis:
913 387 965 438 οὗ
988 397 1037 439 δὲ
1059 392 1136 438 οὐκ
1167 392 1264 437 ἔστι
1284 395 1418 448 νόμος
1444 392 1548 438 οὐδὲ
1573 411 1666 437 πα-

201 453 409 508 ράβασις.
450 471 502 496 ου
531 453 659 512 γάρ]
702 446 754 495 οἷ)
785 452 845 496 δέ
872 453 935 496 Λ.
958 452 1007 496 C.
1043 454 1111 496 10.
1130 453 1202 495 31.
1233 451 1315 496 Mt.
1338 466 1380 508 q.
1409 451 1537 508 Copt.
1560 451 1665 506 Syr.

198 525 243 568 p.
275 512 318 553 in
354 525 411 553 m.
437 510 664 556 Theodor.
691 510 897 568 Theoph.
923 509 1083 553 Amhr.
1112 509 1244 562 Rus„
1290 508 1408 565 quod
1434 509 1583 551 Grote‘o
1618 513 1666 549 et

200 567 365 610 Griesb.
405 568 635 625 probatum
674 568 842 625 recepit
880 566 1083 610 Lachm..
1154 566 1277 608 Haec
1320 564 1430 609 Cdd.
1470 565 1666 606 varietas

198 624 445 675 sententiae
474 639 686 667 summam
718 639 804 666 non
835 628 989 667 mutat.
1046 622 1161 666 Nam
1191 628 1365 665 servato
1387 620 1468 677 γάρ
1489 627 1667 663 antece-

196 679 346 723 dentia
371 682 620 724 confirmari
648 681 868 740 particula
898 681 942 722 in
971 681 1142 722 ratione
1168 679 1393 722 reddenda
1425 679 1531 735 poni
1554 678 1666 720 soli-

194 739 240 780 ta
263 738 429 781 diserte
447 738 690 792 indicatum
719 742 927 795 suscepto
947 737 996 780 δέ
1020 737 1136 779 ratio
1154 736 1359 779 redditur
1388 750 1492 778 voce
1518 739 1666 778 autem

193 796 534 852 explicationem
565 812 646 855 per
673 796 996 853 oppositionem
1021 800 1122 836 ante
1149 793 1283 836 dictis
1311 796 1571 835 annectente
1602 792 1665 845 (v.

194 852 348 896 Herm.
375 851 432 895 ad
464 853 574 909 Vig.
603 869 646 911 p.
673 853 814 908 845.).
879 850 1084 894 Praetuli
1113 850 1162 893 δέ·
1190 856 1236 892 et
1264 854 1312 892 ut
1341 851 1483 891 altero
1510 848 1662 905 aptius

191 909 394 964 (attende
422 909 479 952 ad
506 911 852 968 oppositionem:
890 903 914 950 ὅ
941 907 1042 964 γὰρ
1073 905 1236 958 νόμος
1270 903 1308 947 ὁ.
1335 921 1506 960 κατεργ.
1528 929 1583 935 -
1607 896 1661 947 οὗ

195 966 244 1008 δὲ
271 963 371 1008 οὐκ
399 962 523 1009 ἔστι
552 966 719 1020 νόμος
738 968 814 1020 -)
840 970 884 1008 et
911 965 1115 1020 quoniam
1148 963 1375 1019 proximos
1405 976 1471 1005 vs.
1500 960 1662 1014 (13.—

193 1023 289 1077 15.)
318 1023 362 1065 ἰη
393 1024 554 1079 quibus
579 1029 650 1066 ter
676 1024 843 1079 legitur
871 1019 975 1077 γάρ,
1007 1026 1056 1062 ut
1081 1019 1254 1061 scribae
1285 1018 1341 1060 ad
1372 1015 1457 1074 γάρ
1481 1017 1662 1060 deerra-

188 1084 291 1122 rent
307 1080 467 1123 fecisse
487 1082 706 1139 suspicor.
764 1078 852 1123 Sed
871 1077 1074 1119 idoneum
1095 1080 1418 1131 argumentum,
1453 1090 1538 1132 quo
1558 1090 1662 1118 sen-

190 1137 362 1181 tentia:
405 1134 428 1180 ὁ
447 1153 484 1193 y.
516 1155 552 1180 ν.
573 1134 611 1181 o'.
637 1132 972 1192 κατεργάζεται.
1002 1133 1240 1190 probetur,
1269 1133 1419 1175 verbis
1451 1123 1503 1174 οἷ)
1532 1132 1581 1175 δὲ
1605 1159 1662 1165 —

175 1190 294 1237 οὐδὲ
313 1191 571 1250 παράβασις
587 1195 738 1237 inesse
757 1190 1037 1235 confitebitur
1050 1191 1126 1247 qui
1147 1190 1234 1232 tria
1251 1190 1337 1232 rite
1348 1188 1662 1247 perpenderit3

188 1265 342 1304 uuum,
369 1265 408 1294 v.
430 1247 565 1304 νόμος
584 1265 670 1293 non
703 1264 802 1292 esse
833 1250 910 1294 ein
943 1251 1090 1304 Θεῖεῐῇ,
1121 1245 1201 1289 sed
1230 1253 1320 1292 006
1350 1247 1659 1315 &esctgssegem

187 1309 347 1364 mos.);
382 1308 598 1361 alterum,
636 1321 675 1351 v.
706 1305 966 1362 παράβασις
1003 1305 1186 1346 multum
1222 1303 1277 1345 ab
1309 1299 1528 1358 ἁμαρτιας
1563 1319 1658 1347 voc.

185 1365 357 1408 distare
395 1364 512 1420 (nam
549 1361 821 1419 παραβαίνει
858 1362 934 1418 qui
966 1362 1110 1415 legem
1145 1361 1469 1418 promulgatam
1508 1361 1662 1415 violat,

187 1423 266 1479 qui
294 1437 349 1463 ex
377 1421 609 1479 proposita
638 1419 830 1462 formula
860 1433 944 1460 non
965 1419 1074 1461 vivit
1094 1424 1174 1460 aut
1193 1416 1250 1460 ad
1268 1432 1464 1460 normam
1488 1420 1660 1461 extrin-

183 1494 315 1522 secus
341 1477 489 1520 datam
517 1479 653 1520 vitam
683 1492 768 1519 non
797 1476 976 1530 dirigit:
1020 1490 1061 1518 ν.
1089 1475 1204 1518 Lex,
1234 1489 1273 1518 s,
1306 1489 1348 1518 v.
1376 1474 1655 1531 παραβαίνω,

184 1537 446 1592 παράβασις
479 1538 525 1576 et
550 1531 837 1590 παραβάτηςε
875 1529 1121 1588 ἁμαρτάνει
1147 1532 1224 1587 qui
1254 1532 1362 1572 facit
1389 1546 1500 1587 quae
1527 1530 1655 1573 Deus

182 1594 285 1636 fieri
311 1592 448 1643 nolit3
489 1606 626 1647 quare
652 1595 755 1632 ante
783 1590 899 1643 legis
930 1603 1038 1631 mos,
1059 1587 1457 1643 promulgationem
1483 1590 1658 1642 precari

220 1653 389 1701 oterat,
418 1648 475 1692 cf.
503 1648 555 1700 5,
578 1647 646 1690 13.
664 1646 817 1689 violari
842 1645 916 1687 Iex
942 1659 1047 1686 mos.
1071 1658 1155 1685 non
1176 1650 1376 1701 poterat,
1405 1651 1654 1700 antequam

182 1666 274 1751 liuta
299 1705 464 1757 esset);
494 1704 701 1756 tertium,
731 1701 846 1757 legis
867 1716 977 1744 mos,
996 1701 1279 1742 violationem
1309 1700 1408 1756 (τὴν
1437 1701 1655 1756 παράβα-

184 1765 276 1819 σιν)
298 1763 348 1807 Ρ.
371 1762 464 1806 h.1.
483 1776 565 1819 pro
586 1776 634 1802 rc
665 1771 1028 1810 commemorare,
1059 1773 1186 1799 tuam
1205 1757 1351 1800 Deum
1382 1756 1437 1798 ad
1470 1758 1580 1799 iram
1609 1762 1656 1803 et

181 1820 416 1864 vindictam
436 1831 674 1874 provocare
696 1831 821 1857 nemo
843 1816 1017 1870 ignoret
1043 1820 1058 1869 (
1089 1813 1208 1860 'xod.
1238 1814 1317 1866 20,
1342 1813 1384 1857 5.
1427 1814 1563 1856 Deut.
1582 1816 1656 1868 27,

181 1880 293 1933 26.).
353 1876 573 1932 Quocirca
597 1873 650 1917 Ρ,
678 1873 743 1914 sic
773 1877 1132 1926 argumentatur:
1168 1872 1241 1913 lex
1269 1887 1379 1914 mos.
1408 1871 1517 1913 iram
1549 1885 1654 1927 poe-

181 1950 264 1978 nas
300 1949 354 1976 ue
371 1933 516 1991 parit3
543 1931 619 1972 ubi
645 1935 790 1972 autem
819 1943 905 1970 non
934 1933 1005 1970 est
1023 1927 1165 1969 Musis
1192 1929 1291 1980 lex,
1322 1929 1384 1969 ibi
1406 1943 1460 1969 ne
1483 1928 1654 1970 violatio

232 1949 362 2034 tidem
394 1989 491 2048 ejus
510 1988 625 2043 legis
652 1991 722 2029 est
743 1986 834 2029 irae
856 1998 1171 2040 poenarumque
1198 1985 1411 2038 procellas
1437 1984 1654 2029 excitans.

180 2005 253 2093 ΙἛΧ
283 2049 356 2091 his
385 2040 602 2089 rationem
631 2041 892 2086 concludere
924 2055 1010 2083 nou
1046 2039 1231 2082 arduum
1266 2046 1359 2084 est:
1404 2055 1502 2097 erqo
1537 2041 1655 2097 legis

181 2121 295 2151 mos,
320 2105 506 2148 violatio
536 2103 628 2144 iras
657 2101 875 2143 coelestes
940 2112 1162 2154 uenasque
1186 2098 1364 2156 pariens
1388 2097 1451 2140 ibi
1472 2103 1542 2140 est
1557 2104 1656 2141 tan-

181 2161 434 2214 tummodo,
470 2160 547 2203 uhi
574 2161 647 2201 lex
679 2172 790 2202 mos.
820 2157 882 2198 sit
935 2188 946 2200 .
967 2171 1006 2199 e.
1028 2156 1166 2211 igitur
1195 2156 1270 2197 les
1295 2169 1400 2198 mos.
1423 2155 1533 2198 iram
1552 2169 1654 2210 poe-

181 2234 344 2277 nasque
380 2218 532 2276 yiym‘t.
571 2215 657 2283 ΙΨ.
695 2215 914 2258 16.—21.
962 2211 1206 2270 Postquam
1234 2210 1288 2255 P.
1328 2212 1437 2254 hanc
1474 2219 1654 2255 senten-

181 2279 315 2320 tiam:
357 2274 409 2319 οὐ
439 2274 515 2317 διὰ
533 2288 671 2327 νομου
691 2269 717 2329 ἢ
738 2270 808 2315 ἐπ.
827 2272 890 2327 τῷ
909 2269 1026 2326 Ἀβρ.
1046 2267 1071 2326 ἢ
1088 2271 1150 2324 τῷ
1169 2283 1246 2311 on.
1265 2285 1306 2310 α.
1337 2272 1399 2324 (v.
1426 2270 1517 2322 13.)
1549 2269 1669 2326 quia‘

182 2332 379 2378 absurda
409 2333 493 2385 sit,
521 2330 703 2390 probari
727 2342 813 2371 non
838 2342 973 2386 posse
1002 2326 1149 2368 docuit
1176 2330 1239 2381 (v.
1262 2326 1332 2370 14.
1358 2327 1473 2397 152,
1505 2338 1653 2369 veram

183 2407 285 2434 esse
315 2392 503 2433 alteram
533 2387 632 2443 (διὰ
663 2384 946 2440 δικαιοσύνης
971 2384 1166 2432 πίστεως
1191 2378 1216 2439 ἡ
1251 2381 1321 2425 ἐπ.
1353 2384 1415 2439 τῷ
1438 2385 1554 2439 Λβρ.
1576 2383 1654 2425 καὶ

182 2451 247 2504 τῷ
278 2463 355 2492 on,
383 2463 425 2490 α,
450 2461 492 2491 v.
526 2446 642 2499 13.),
681 2440 1035 2501 quandoquidem
1063 2439 1257 2482 dubitari
1296 2447 1506 2497 nequeat,
1546 2440 1651 2496 quin

183 2505 387 2548 alterutri
412 2506 535 2546 locus
565 2503 626 2545 sit
651 2502 714 2557 (v.
742 2504 835 2543 not.
865 2498 921 2541 ad
949 2513 990 2542 v.
1020 2497 1138 2551 Ha),
1176 2497 1324 2540 verbis
1352 2498 1426 2538 ὸιὰ
1455 2493 1647 2538 zos-1032

183 2561 378 2611 πίστεως
417 2561 606 2616 colligit.
671 2556 801 2614 Quod
865 2557 908 2598 ui
934 2554 1304 2606 consideraverit,
1345 2569 1385 2597 v.
1421 2551 1495 2595 διὰ
1521 2555 1647 2594 τοῦτο

184 2616 241 2659 ad
268 2633 308 2662 v.
332 2619 400 2662 14.
425 2619 520 2671 15„
539 2614 542 2616 ’
559 2618 635 2674 qui
665 2630 793 2673 quam
822 2629 845 2656 a
881 2628 986 2656 sona
1021 2613 1082 2654 sit
1098 2613 1238 2654 altera
1260 2611 1478 2653 sententia
1501 2614 1647 2650 osten-

182 2674 319 2726 dunt,
365 2674 596 2718 reserenda
637 2688 737 2716 esse
772 2676 818 2714 et·
848 2675 950 2730 post
978 2684 1093 2714 vocc.
1134 2666 1183 2712 ἐκ
1209 2666 1402 2718 πίστεως
1428 2683 1451 2709 c
1480 2681 1543 2709 vs,
1577 2664 1645 2706 13.

186 2736 331 2775 mente
359 2732 602 2775 addendum
634 2746 734 2774 esse
761 2727 786 2787 ἡ
815 2726 1055 2784 ἐπαγγελία
1082 2729 1144 2783 τῷ
1162 2721 1360 2780 Ἀβραάμ
1382 2723 1473 2766 ἑσιι
1491 2720 1562 2763 καὶ
1586 2721 1644 2773 τῷ

186 2788 411 2845 σπέρματι
447 2788 582 2831 αὐιοῦ
619 2787 736 2832 haud
779 2785 1021 2829 difficulter
1058 2783 1302 2838 intelligat:
1348 2793 1478 2837 quare
1511 2777 1566 2830 (i.
1603 2792 1645 2820 υ.

186 2846 395 2904 quonjam
423 2845 512 2890 Dei
547 2846 814 2904 promissum
852 2849 1017 2887 temere
1045 2857 1072 2885 a
1104 2841 1194 2897 Ieye
1228 2853 1331 2883 mos.
1367 2838 1646 2893 repeteretur

1735 313 1749 409 it

1733 427 1752 1034 ἐ
