1752 3347
490 177 648 225 GAP.
681 177 740 223 V.
778 175 1083 223 vs.·1.-8..
1436 172 1523 216 253

54 289 201 346 gustis
229 286 433 330 terminis
463 284 827 328 circumscribunt
857 282 973 340 quod
1001 284 1095 340 Ap.
1123 279 1367 333 generatim
1394 277 1524 331 dixit,

56 348 135 404 q'ui
155 350 230 388 aut
251 359 345 387 cum
370 344 485 387 Cale.
504 347 752 399 exponunt:
784 342 826 383 in
849 355 954 398 pace
976 354 1127 382 sumus
1148 353 1243 380 cum
1260 337 1373 388 Deo,
1401 335 1523 392 quip-

55 416 111 458 pe
131 402 264 445 animi
282 400 641 456 tranquillitatem
659 399 777 440 nacti
800 402 843 440 et
861 397 1141 440 conscientiae
1161 408 1316 450 uuyorc
1338 391 1524 444 liberati,

56 462 134 500 aut
159 472 252 500 cum
274 456 427 509 Mna-0,
462 456 608 498 Flauo
636 456 696 498 al.
726 454 973 510 explicant:
1011 453 1055 494 in
1116 483 1126 495 .
1159 466 1196 495 S.
1224 466 1263 494 c.
1290 449 1388 492 Deo
1423 447 1524 493 scil.

56 520 174 558 metu
191 514 279 556 Dei
297 513 464 554 ademto
480 544 492 563 ,
521 525 660 566 neque
680 510 1038 562 considerarunt,
1118 509 1157 550 ci
1178 522 1280 564 pace
1313 506 1522 563 impetra-

54 571 103 613 1:⁴1
131 574 265 612 totam
297 567 485 609 hominis
516 567 685 622 expiati
714 567 967 608 felicitatem
997 562 1329 621 comprehendi,
1361 562 1447 619 quai
1476 564 1525 603 et

54 639 169 670 nune
187 638 235 666 se
256 623 431 664 beatum
453 621 618 663 sentiat
636 626 680 664 et
704 635 729 662 a
749 621 849 663 Deo
881 622 968 663 sibi
994 622 1167 677 placato
1197 619 1360 676 optima
1388 632 1524 673 quae-

55 695 138 740 que
160 685 310 737 speret
328 679 372 721 in
391 683 633 735 posterum.
665 703 720 708 —-
777 676 904 719 Sicut
930 677 1046 718 enim
1075 678 1131 718 iis
1163 679 1239 733 qui
1257 676 1403 718 Deum
1432 674 1524 715 ira-

55 745 150 786 tum
169 735 330 779 habent
351 734 494 778 onmia
516 734 674 777 infesta
701 739 804 778 sunt
826 733 1052 789 (quoniam
1076 734 1186 775 enim
1207 748 1254 775 sc
1277 737 1327 774 ut
1344 727 1525 778 ἀδίκους

51 794 153 841 Deo
171 792 414 850 displicere,
426 791 594 844 sciunt,
623 795 667 833 et
698 790 850 832 miseri
870 795 974 831 sunt
993 790 1322 831 malefactorum
1342 800 1524 829 suorum

43 849 319 897 conscientia
340 847 558 891 stimulati
577 850 621 889 ct
648 848 832 889 miseros
853 861 899 888 se
918 847 1095 888 futuros
1126 861 1223 887 esse
1253 845 1522 899 intelligunt,

53 921 187 966 quum
221 907 437 948 scelerum
466 919 633 963 poenae
658 904 756 946 Deo
786 902 1094 960 dependendae
1125 903 1213 944 sint
1244 903 1288 943 in
1318 900 1525 956 gecnmi),

51 965 116 1007 ita
149 963 228 1020 qui
254 962 344 1005 Dei
366 976 516 1019 pacem
544 961 805 1004 invenerunt
831 960 1079 1002 beatissimi
1110 964 1235 1010 sunt,
1274 963 1324 999 ut
1353 955 1524 998 δίκαιοι

52 1021 180 1078 παρὰ
194 1020 258 1076 τῷ
278 1022 397 1075 θεῷ,
428 1032 512 1061 non
545 1018 661 1074 quod
689 1017 998 1071 incommodis,
1030 1016 1190 1073 quihus
1218 1015 1289 1056 illi
1316 1026 1525 1072 premun-

52 1080 152 1130 tur,
181 1091 267 1120 non
298 1075 547 1118 afficiantur
574 1074 896 1127 tantummodo,
925 1079 976 1116 ut
993 1073 1153 1116 Rueck.
1176 1088 1220 1129 p.
1243 1073 1342 1114 197.
1371 1070 1526 1126 opina-

53 1132 274 1187 tur„sed
304 1133 435 1189 etiam
466 1130 584 1189 quod
600 1130 698 1174 Deo
726 1133 899 1189 placato
929 1131 1015 1173 sibi
1045 1131 1244 1186 placent,
1282 1127 1527 1178 beneficiis,

53 1191 176 1233 velut
204 1190 391 1247 spiritus
411 1188 498 1233 div.
524 1188 716 1241 dotibus,
745 1203 768 1230 a
789 1188 967 1230 numine
990 1187 1075 1229 sihi
1097 1185 1290 1244 propitio
1311 1188 1526 1227 ornantur

54 1252 262 1302 metuque
301 1251 446 1288 amoto
471 1245 781 1301 sempiternam
810 1244 1067 1287 felicitatem
1091 1248 1288 1300 sperant.
1342 1236 1454 1292 Ἒχω
1480 1254 1527 1280 τι

55 1300 131 1346 διά
149 1317 269 1353 τινος
285 1303 417 1346 Iucbeo
436 1302 598 1358 aliquid
613 1317 692 1358 per
710 1302 892 1358 aliquem
912 1301 942 1344 i.
964 1316 1004 1344 c.
1022 1300 1127 1342 fecit
1144 1299 1331 1355 aliquis,
1359 1302 1409 1338 ut
1431 1309 1527 1338 rem

54 1359 280 1404 haberem.
338 1358 407 1403 Cf.
429 1359 687 1402 Latinorum
707 1358 1005 1414 loquutioncm
1024 1371 1116 1399 rem
1137 1357 1190 1398 ab
1212 1356 1350 1412 aliquo
1370 1353 1528 1395 habere

55 1416 88 1460 i.
108 1431 148 1461 c.
171 1430 265 1459 rem
294 1415 522 1474 possidere
546 1415 602 1457 ab
620 1415 770 1471 aliquo
789 1419 1010 1472 acceptam
1031 1413 1122 1456 Cic.
1142 1412 1203 1455 D.
1222 1410 1283 1454 N.
1305 1409 1368 1453 D.
1389 1409 1433 1461 3,
1453 1410 1526 1460 36,

54 1473 129 1516 86.
148 1472 204 1514 ad
223 1473 347 1516 Fam.
364 1474 414 1520 7,
435 1474 515 1524 29,
537 1474 595 1516 l..
653 1471 731 1527 τὴν
753 1467 1059 1526 προςαγωγήν]
1090 1468 1195 1510 Non
1220 1467 1347 1509 licuit
1374 1479 1528 1519 regem

55 1529 204 1582 adire,
229 1529 316 1571 nisi
335 1529 406 1570 cui
424 1528 666 1585 principem
687 1526 976 1568 conveniendi
996 1526 1165 1581 copiam
1185 1525 1368 1566 fecisset
1388 1523 1528 1564 inter-

88 1600 160 1628 res
191 1581 555 1643 (προςαγωγεύς,
595 1582 935 1635 admissioncdis,
972 1597 1014 1626 v.
1046 1580 1277 1637 Lamprid.
1307 1580 1352 1620 in
1383 1579 1526 1622 Alex,

53 1600 158 1686 ξεν.
178 1657 217 1686 c.
234 1642 317 1697 4.).
373 1640 442 1685 Cf.
460 1639 669 1697 Xenoph.
691 1637 797 1695 Cyr.
820 1640 859 1691 1,
878 1639 920 1690 3,
943 1639 1004 1682 7..
1063 1638 1160 1692 Qui}
1182 1652 1229 1679 rc
1251 1635 1312 1681 N.
1331 1636 1391 1678 T.
1415 1635 1528 1676 scri-

55 1704 207 1758 ptores
228 1698 292 1740 sic
311 1698 383 1740 usi
403 1702 531 1747 sunt,
560 1702 610 1739 ut
628 1695 774 1737 Deum
799 1695 1018 1736 mentibus
1045 1695 1334 1736 informarent
1361 1706 1527 1744 regem,

57 1756 114 1798 ad
138 1770 265 1812 quem
295 1754 547 1796 hominihus
584 1768 669 1795 non
708 1752 855 1793 aditus
889 1755 1034 1805 esset,
1072 1751 1161 1793 nisi
1192 1765 1290 1793 eum
1321 1748 1528 1792 Christus

56 1811 504 1869 tanquaminterpres
525 1825 575 1853 eo
591 1810 900 1868 patefecisset,
928 1810 1037 1865 quod
1056 1813 1235 1850 mortem
1263 1806 1529 1849 occumberet

54 1871 271 1913 hominum
286 1873 466 1923 peccata
484 1868 740 1922 expiaturus
762 1880 804 1909 v.
827 1868 848 1906 l
870 1864 994 1908 Petr.
1012 1865 1054 1917 3,
1076 1864 1146 1907 18.
1169 1865 1224 1907 cl.
1242 1863 1356 1920 Eph.
1380 1863 1432 1915 2,
1454 1861 1526 1904 18.

57 1926 106 1979 3,
130 1926 215 1969 12..
271 1924 488 1979 Quocirca
516 1923 664 1965 aditus
692 1922 747 1963 ad
764 1921 911 1963 Deum
936 1936 1016 1978 per
1036 1920 1262 1964 Christum
1292 1919 1420 1960 nohis
1449 1917 1527 1959 da·-

58 1987 132 2024 tus
169 1995 256 2023 non
289 1982 463 2022 fructu-s
500 1984 569 2021 est
607 1983 887 2035 peccatorum
920 1982 1173 2019 nostrorum
1200 1974 1469 2034 expiationis
1500 1988 1528 2016 a

60 2037 240 2083 Christo
259 2036 463 2088 effectae,
491 2040 541 2077 ut
566 2036 763 2078 Tholuec.
786 2035 873 2076 sibi
903 2034 1151 2092 persuasit,
1180 2033 1258 2089 τὴν
1289 2046 1528 2087 προςαγωι

59 2094 139 2152 γήν
164 2095 208 2136 ἰη
237 2107 288 2135 eo
317 2093 436 2135 cerni
466 2093 696 2149 opinatus,
728 2091 844 2147 quod
864 2091 1008 2133 Deum
1032 2094 1240 2146 tanquam
1266 2088 1527 2130 benevolum

59 2154 285 2210 parentem
312 2149 517 2207 precihus
545 2148 668 2190 adire
701 2148 828 2190 nohis
851 2148 984 2190 liceat
1015 2147 1118 2191 Gal.
1140 2146 1193 2199 4,
1212 2148 1279 2198 6.,
1321 2144 1398 2186 sed
1427 2144 1527 2201 ipsa

61 2208 275 2251 scelerum
297 2207 492 2263 expiatio
507 2238 519 2259 ,
549 2220 659 2261 quae
678 2204 805 2246 nobis
826 2205 1035 2260 contigit,
1064 2218 1204 2259 neque
1231 2202 1320 2244 nisi
1338 2201 1528 2243 dictione

60 2263 356 2321 metaphorica
377 2263 432 2305 ah
450 2263 502 2305 eti
521 2261 684 2305 differt.
714 2261 830 2303 Nam
847 2261 1120 2316 praeclusum
1142 2260 1199 2301 ad
1216 2261 1386 2301 Deum
1403 2260 1526 2314 (pec-

61 2321 173 2363 catis
193 2320 357 2361 nostris
380 2318 776 2375 offensumssyelut
803 2332 975 2373 reyem
989 2349 1000 2371 ‚
1031 2318 1196 2360 aditum
1215 2315 1334 2357 nobis
1356 2315 1527 2369 ape-ruit

63 2377 257 2422 Christus
273 2390 320 2418 eo
339 2377 551 2431 interpres
567 2376 736 2432 factm,
765 2375 876 2430 quod
903 2374 1015 2417 scel
1024 2388 1115 2416 era
1144 2376 1335 2414 nostra
1360 2369 1528 2426 suppli-

63 2435 125 2477 cio
135 2447 209 2476 suo
219 2432 411 2487 eoepiavit
427 2434 476 2489 (2
489 2430 611 2476 Petr.
623 2432 665 2485 3,
680 2430 771 2485 18.)
790 2430 984 2473 detracta
1007 2427 1297 2471 similitudine
1316 2427 1397 2470 i.e.
1409 2425 1527 2482 quod

62 2491 206 2543 Deum
224 2504 251 2531 a
269 2488 386 2531 nobis
415 2503 610 2546 [mersum
636 2484 872 2543 nostrisque
899 2487 1093 2542 peccatis
1110 2485 1311 2527 violatum
1331 2483 1525 2526 Christus

63 2551 200 2589 morte
222 2547 303 2587 sna
318 2576 331 2598 ,
358 2548 443 2601 (lud
460 2545 623 2587 scelera
647 2549 794 2586 nostra
813 2543 1008 2598 expiat-it
1024 2547 1067 2584 et
1092 2540 1282 2594 placavit
1308 2545 1350 2582 et
1374 2540 1524 2594 propi-

60 2603 170 2646 tium
190 2601 309 2644 nohis
326 2601 510 2644 reddidit
527 2601 677 2658 (Rom.
698 2600 740 2644 3.
761 2600 832 2643 23.
846 2598 1018 2653 -25.).
1074 2597 1172 2653 (ῥιπὶ
1202 2611 1250 2638 re
1273 2595 1320 2638 in
1347 2596 1461 2638 hunc
1490 2597 1526 2641 1.

60 2657 279 2708 translatu
306 2656 364 2700 L.
389 2656 516 2710 Bos„
562 2657 733 2708 JVetst.‚
772 2656 1008 2698 ssfichccelis
1036 2654 1096 2697 al.
1128 2668 1169 2696 V.
1197 2650 1260 2702 εἷς
1287 2649 1366 2709 τὴν
1393 2650 1524 2707 χάριν

61 2713 223 2771 ταύτην
244 2728 266 2755 a
288 2728 405 2757 vocc.
425 2714 478 2769 τῇ
495 2710 646 2755 πίστει
667 2728 742 2754 sus
777 2711 990 2754 cuderunt
1009 2711 1053 2753 h.
1067 2725 1126 2753 s.:
1145 2706 1369 2767 per'quem
1391 2710 1525 2751 etiam

64 2771 230 2815 aditum
247 2769 303 2812 ad
322 2769 467 2812 Deum
486 2769 717 2811 habuimus
733 2727 819 2821 ἕιῖε
832 2800 844 2821 ,
876 2781 1004 2824 quam·
1028 2767 1124 2809 lucie
1149 2767 1315 2823 favoris
1345 2766 1430 2808 div.
1451 2765 1524 2805 do-

65 2833 271 2881 eumenio,
300 2827 345 2870 in
365 2840 445 2883 quo
461 2830 709 2881 perstamus
725 2825 778 2881 (i.
792 2839 832 2872 e.
850 2823 1099 2881 evangelio)
1118 2823 1361 2869 tribuimus.
1399 2821 1523 2877 Quo-
