1752 3347
205 150 275 180 vui
711 129 1169 177 PRAEFATIO.

204 246 432 291 sidiorum
462 260 574 291 usus
604 245 697 290 dici
727 246 929 304 juberet,
981 259 1085 288 eam
1116 244 1315 302 ingenue
1355 260 1437 304 pro
1470 245 1666 292 Paulina

205 321 469 369 habendam
502 339 598 368 esse
630 324 896 370 arbitratus,
981 320 1043 367 Et
1074 323 1178 384 quis
1218 323 1389 378 nescit,
1446 335 1668 384 quantam

204 409 389 446 noctem
410 400 720 460 interpretum
752 400 937 444 animus
966 396 1212 444 hominum
1240 399 1544 460 opinionibus
1566 412 1669 447 tan-

204 494 345 539 quam
367 479 469 522 voci
489 479 559 522 dix
574 478 676 522 inae
699 477 929 522 obnoxius
950 477 1083 521 libris
1103 493 1161 525 ss,
1182 478 1434 523 offuderit?
1486 477 1669 525 Postre-

203 571 279 600 mo
311 571 382 599 me
412 564 464 600 ut
494 556 651 600 limate
682 555 934 600 scriberem
966 571 1157 615 operam
1188 556 1370 601 dedisse
1400 558 1536 603 fateri
1574 575 1669 602 nou

206 635 422 694 poenitet.
502 635 625 680 Sane
658 635 829 680 latinae
858 635 1044 694 linguae
1075 651 1212 680 usum
1243 644 1286 680 et
1318 636 1538 694 elegantis
1567 653 1673 681 ora-

202 714 345 759 tionis
376 714 582 758 studium
604 723 648 759 et
678 714 969 772 diligentiam
992 714 1125 760 multi
1156 724 1378 773 spernant
1411 715 1515 760 licet
1535 726 1673 776 atque

204 800 526 837 contemnant:
565 800 607 836 et
628 793 796 853 quovis
818 803 1024 852 tempore
1045 809 1070 838 a
1094 801 1160 838 tot
1182 789 1455 838 hominibus
1476 809 1549 838 ars
1562 810 1675 839 con-

203 872 454 926 temnitur,
504 881 618 932 quot
648 882 759 917 sunt
791 873 891 931 ejus
920 873 1085 930 ignari.
1177 871 1297 917 lllud
1334 872 1539 926 affirmo,
1592 874 1670 933 qui

202 949 298 993 sive
321 948 462 994 latina
485 948 582 993 sive
605 952 851 995 vernacula
876 951 1035 1009 lingui}
1057 966 1166 994 usus
1189 951 1429 1010 inquinate
1447 951 1673 996 festinan-

202 1035 273 1071 ter
302 1027 594 1086 perturbate,
639 1044 736 1072 non
766 1045 905 1088 pure,
953 1029 1011 1073 ad
1044 1044 1140 1071 rem
1172 1043 1302 1072 suam
1330 1030 1673 1073 accommodate

203 1113 248 1149 et
279 1105 514 1150 luculente
544 1106 802 1165 scripserit,
855 1123 962 1152 eum
984 1106 1136 1151 virum
1169 1122 1334 1165 parum
1358 1110 1671 1153 verecundum

203 1179 322 1227 mihi
343 1183 492 1227 videri
515 1193 557 1229 et
577 1185 655 1244 qui
682 1182 929 1230 hominum
953 1186 1183 1230 rationem
1210 1183 1380 1230 hahere
1402 1188 1588 1236 nesciat.

270 1295 542 1344 Scribebam
567 1295 808 1344 Rostochii
825 1296 916 1342 Vll
937 1296 1168 1343 Calendas
1190 1297 1469 1345 Februarias

815 1393 853 1420 a.

634 1449 1076 1497 MDCCCXXXW.
