1752 3347
607 189 762 233 (jAP.
799 189 834 233 Ι.
872 190 958 233 vs.
991 191 1088 233 30..
1527 186 1584 231 85

114 296 251 338 mines
272 295 476 338 habuerit
495 295 542 338 id
561 311 642 351 ego
662 298 705 338 in
727 296 848 338 Deos
869 295 1015 338 odium
1038 295 1323 352 conceperim.
1382 294 1473 336 Sed
1500 310 1522 334 a
1559 319 1578 326 —

110 356 261 409 paret,
297 358 468 395 veteres
499 354 821 397 Grammaticos
859 354 921 395 sic
952 354 1152 409 opinatos
1181 367 1302 403 esse,
1342 352 1523 403 θεομισ
1556 366 1579 400 ς

111 408 197 450 dici
215 410 404 464 passive,
435 413 552 462 θεομ
567 408 675 466 long
693 412 841 453 active.
900 409 949 451 ln
970 410 1054 466 qua
1078 425 1124 451 rc
1149 408 1324 464 egregie
1343 422 1419 449 cos
1451 407 1577 449 fefel-

107 466 165 508 lit
185 467 348 523 opinio.
410 467 658 509 verissime
680 467 794 509 enim
816 467 986 512 Butim⁸
1009 482 1076 522 gr.
1097 465 1170 520 11,
1197 482 1240 523 p.
1260 466 1361 508 317.
1379 464 1486 506 haec
1508 463 1575 506 di-

110 523 194 565 cit:
245 525 365 575 „bie
406 526 669 578 abjectiva
707 527 1005 578 &Composito
1056 527 1147 577 auf
1194 538 1255 580 ης
1298 524 1409 577 sint>
1449 522 1576 577 &goz

110 580 273 625 tono„”
325 579 517 635 Excepta
540 584 708 621 tantum
728 586 830 622 sunt
851 580 1063 636 quaedam
1083 582 1212 635 longe
1243 579 1375 620 aliter
1401 593 1575 635 compo-

107 637 193 677 sita
215 649 310 676 cum
335 633 764 691 praepositionibus,
793 636 1012 678 adverbiis
1042 642 1149 691 etc.,
1178 635 1335 677 deinde
1361 651 1435 690 ea,
1466 649 1575 692 quo—

107 707 201 734 rum
223 692 440 748 posterior
464 706 569 748 pars
590 693 838 733 continetur
859 694 1031 735 nomine
1052 694 1352 746 Substantivo,
1377 707 1463 734 non
1476 690 1575 735 Ad-

104 748 292 808 jectiv0‚
323 750 374 788 ut
400 745 664 804 θεοκρίτης,
703 746 1013 804 θεοπλάστης,
1057 747 1330 806 φιλοθύτης,
1373 749 1576 805 φιλοπό-

103 819 203 860 της,
242 810 492 861 postremo,
529 808 579 846 ut
613 804 743 846 facile
781 805 1074 859 intelligitur,
1114 820 1300 861 eaquae
1331 806 1376 847 in
1402 805 1577 849 nomina

101 862 282 916 prop-ria
299 865 550 914 verterunt,
578 876 620 905 v.
643 876 681 905 c.
717 858 953 917 Θεοφάνης
973 861 1067 905 Cic.
1088 861 1143 902 ad
1164 863 1267 905 Att.
1289 860 1427 916 11,5..
1487 860 1577 904 Sed

104 917 393 960 Grammatici
414 917 491 959 isti
512 932 643 974 quum
661 917 900 971 vidissent,
931 919 1036 960 haec
1052 917 1289 977 Adjeetiva
1321 924 1412 960 tum
1441 919 1576 961 active

102 978 195 1016 tum
211 975 381 1030 passive
400 973 487 1017 dici
505 974 645 1031 (quod
678 990 764 1017 non
794 975 953 1016 mirum
984 979 1076 1028 est,
1117 990 1247 1030 quum
1278 989 1328 1015 ea
1357 975 1576 1017 latissime

101 1035 283 1089 pateant
308 1036 352 1074 et
382 1046 537 1089 parum
568 1033 692 1074 finita
722 1032 814 1074 sint
845 1032 1003 1074 natura
1031 1031 1134 1086 sua,
1184 1031 1322 1074 veluti
1355 1030 1576 1088 θεομισής

103 1089 278 1130 omnino
298 1088 337 1130 is
355 1094 449 1142 est,
474 1089 546 1146 qni
564 1089 689 1132 habet
708 1089 797 1132 Dei
817 1090 958 1131 odium
977 1083 1019 1143 [ὅ
1043 1088 1156 1130 θεοῦ
1174 1090 1304 1141 μῖσος
1324 1085 1451 1143 ἔχων]
1474 1088 1516 1131 h.
1535 1105 1574 1131 e.

102 1145 173 1187 vel
193 1146 280 1187 Dei
301 1144 449 1187 odium
468 1146 513 1187 in
532 1160 576 1187 se
591 1161 759 1189 versum
778 1146 871 1199 [uhi
895 1146 1127 1189 Genitivus
1149 1148 1214 1187 θε
1229 1160 1252 1185 ο
1268 1150 1290 1186 ῦ
1304 1176 1314 1193 ,
1353 1145 1441 1187 Ποῖ
1471 1145 1572 1186 sub-

96 1201 288 1260 jectivus
311 1205 396 1257 est]
412 1236 423 1255 ,
452 1202 523 1244 vel
546 1203 687 1244 odium
713 1203 758 1243 in
778 1204 952 1245 Deum
980 1207 1294 1257 conceptum
1324 1201 1407 1255 [ita
1435 1201 1574 1244 Geni-

102 1258 219 1300 tivus
248 1259 361 1300 θεοῦ
391 1258 636 1317 objectivus
664 1261 777 1313 estjz
815 1265 1042 1317 praeterea
1075 1259 1224 1300 confer
1253 1273 1295 1302 V.
1327 1260 1575 1313 βροτοστυ-

101 1312 203 1371 γής,
235 1315 352 1371 quod
371 1321 416 1358 et
435 1330 530 1357 eum
549 1316 621 1372 qui
640 1316 827 1358 homines
849 1318 937 1358 odit
958 1321 1001 1358 et
1034 1315 1270 1359 hominibus
1300 1315 1482 1356 ‘invisum
1513 1314 1574 1356 si-

102 1372 325 1428 gnificat),
355 1371 580 1424 diversos,
610 1378 660 1414 nt
679 1387 812 1430 saepe
832 1374 1000 1426 solent,
1028 1372 1335 1426 excogitarunt
1353 1376 1575 1424 accentus,

103 1429 263 1484 quibus
285 1429 395 1471 duas
417 1433 662 1486 potestates
690 1428 1027 1484 distinguerent.
1084 1428 1263 1472 Accedo
1292 1427 1348 1468 ad
1375 1433 1575 1469 nostrum

100 1486 159 1537 1.,
207 1485 284 1527 ubi
311 1485 420 1528 Cdd.
458 1500 625 1526 summo
664 1500 879 1528 consensu
909 1488 1201 1541 θεοστυγεῖς
1228 1484 1441 1541 praebent
1466 1484 1576 1540 (nisi

101 1545 220 1603 quod
257 1561 372 1588 unus
403 1545 483 1589 Cd.
515 1545 630 1603 apud
660 1546 782 1589 Mill.
813 1542 1102 1601 θεοστύγεις
1132 1546 1287 1599 habet,
1328 1546 1403 1603 qui
1428 1550 1575 1589 tamen

100 1623 274 1651 manum
317 1607 609 1650 recentiorem
649 1611 872 1649 accentum
912 1609 959 1649 in
989 1608 1302 1665 paenultimam
1333 1607 1575 1667 conjecisse

100 1666 396 1723 suspicatur),
436 1664 637 1706 nonnulli
663 1664 858 1707 editores
886 1667 957 1721 (ut
986 1664 1188 1717 Boehm.)
1226 1668 1270 1706 et
1307 1664 1575 1720 interpretes

100 1726 164 1779 (v.
184 1737 222 1765 c.
244 1722 371 1765 Beza
390 1725 435 1763 et
455 1722 601 1777 Grot.)
621 1718 899 1777 θεοστύγεις
917 1723 987 1764 vel
1013 1723 1056 1763 in
1089 1720 1285 1762 ordinem
1315 1727 1576 1777 receperunt

101 1780 171 1822 vel
197 1777 570 1821 commendarunt.
641 1777 786 1833 Quum
819 1777 877 1822 N.
907 1778 965 1822 Τ.
997 1779 1237 1835 scriptores
1265 1778 1444 1819 confusa
1476 1794 1574 1820 ora-

101 1836 219 1879 tione
239 1835 436 1894 pedestri
455 1840 499 1878 et
518 1835 689 1890 poe'ticfi
715 1835 868 1877 multis
894 1839 1126 1892 poetarum
1152 1835 1356 1876 formulis
1385 1836 1575 1892 promis-

99 1908 178 1936 cue
214 1896 473 1945 uterentur,
511 1891 651 1934 Paulo
678 1889 927 1948 θεοστυγὴς
964 1892 1122 1934 merito
1157 1891 1339 1948 placuit.
1411 1891 1570 1934 Pollux

105 1952 219 1993 enim
246 1949 370 2004 I‚2l.
401 1949 651 1991 rectissime
684 1947 707 1991 ὃ
746 1949 795 1991 δὲ
826 1946 1093 2006 θεοστυγής,
1143 1948 1313 2004 inquit,
1350 1945 1572 2004 τραγικόν.

101 2007 182 2051 Ad
211 2006 428 2064 Hesychii
462 2007 682 2061 glossam:
721 2008 1005 2060 θεοστυγεῖςε
1043 2004 1307 2058 μισούμενοι
1339 2000 1428 2045 ’ὑπὸ
1460 2006 1574 2046 θεοῦ

99 2064 324 2122 passivam
344 2064 428 2107 vim
452 2063 611 2119 probat
634 2062 856 2104 Albertius
877 2061 1088 2117 additque
1108 2062 1317 2102 nonnulla
1342 2061 1423 2112 iis,
1464 2075 1573 2116 quae

101 2120 159 2163 ad
181 2120 333 2164 Gloss.
357 2135 403 2177 p.
425 2121 481 2163 91
505 2146 556 2150 —
577 2119 648 2163 93.
680 2119 939 2172 collegerat.
997 2119 1143 2160 Etiam
1175 2118 1219 2160 h.
1251 2118 1284 2161 l.
1318 2117 1437 2158 notio
1469 2132 1572 2171 pas-

101 2179 192 2220 siva
214 2177 322 2219 mihi
342 2177 468 2219 unice
489 2176 722 2233 probatur.
780 2175 953 2217 Etenim
974 2180 1024 2217 ut
1045 2175 1290 2230 analoyt‘um
1322 2174 1573 2226 concedere,

102 2237 152 2274 ut
192 2231 439 2290 θεοστυγὴς
470 2234 560 2276 Dea·
589 2247 682 2275 osor
715 2246 872 2287 graece
904 2232 1147 2283 diceretur,
1194 2230 1400 2272 lubenter
1430 2232 1573 2273 fateor

102 2288 222 2344 (vide
245 2293 424 2347 supra),
452 2292 512 2333 ita
534 2305 587 2332 ne
607 2305 721 2331 unus
745 2289 918 2345 quidem
940 2290 972 2332 l.
995 2289 1039 2330 in
1063 2294 1237 2345 promtu
1260 2291 1351 2339 est,
1382 2287 1458 2328 ubi
1476 2302 1571 2330 voc.

103 2345 350 2403 θεοστυγής
371 2348 431 2388 sit
453 2347 589 2390 active
612 2345 800 2399 dictum,
841 2345 958 2402 quod
988 2346 1150 2400 uquue
1184 2344 1406 2398 significat
1435 2344 1569 2387 leomi-

102 2416 201 2444 nem
220 2403 308 2444 Des
327 2402 643 2460 hominibusque
665 2417 840 2445 effosum
862 2403 893 2445 i.
925 2418 963 2446 e.
996 2402 1203 2444 hominem
1234 2400 1459 2456 inse'ym’ter
1488 2401 1569 2442 im-

98 2458 298 2514 probum.
357 2458 424 2502 Cf.
448 2459 556 2503 Eur.
580 2458 747 2502 Troad.
769 2474 811 2503 v.
835 2458 961 2502 1295.
985 2458 1109 2515 Cycl.
1131 2471 1172 2500 V.
1195 2457 1293 2499 395.
1317 2461 1360 2498 et
1388 2457 1485 2501 598.
1518 2473 1569 2499 ac

103 2515 240 2556 simili
261 2515 400 2556 forma
412 2515 580 2559 Aesch.
596 2516 791 2573 Choeph.
814 2515 966 2559 v.635.
989 2518 1092 2556 θεο
1107 2511 1360 2570 στυγήτῳ
1385 2508 1562 2572 δ’ὅχειΙ
1610 2530 1614 2534 ’

101 2572 273 2627 βροτῶν
294 2568 520 2625 ἀτιμωθὲν
542 2570 707 2624 οἴχεται
728 2571 851 2627 γένος
876 2574 882 2627 1
909 2571 1031 2623 σέβει
1055 2568 1137 2625 γὰρ
1171 2568 1292 2621 effug
1322 2568 1372 2612 τὸ
1404 2571 1568 2627 &ogqu-

103 2629 178 2678 λὲς
195 2627 334 2676 θεοῖς.
394 2626 513 2683 Quin
535 2629 666 2670 etiam
689 2627 851 2670 Suidas
874 2633 918 2670 et
940 2627 1233 2670 Oecumenius
1247 2660 1258 2680 ‚
1289 2628 1364 2684 qui
1385 2628 1566 2670 alteram

103 2684 445 2743 explicationem
469 2686 645 2741 sequuti
668 2689 793 2738 sunt,
825 2685 887 2727 ita
908 2686 1166 2740 loquuntur,
1195 2689 1244 2726 ut
1267 2684 1329 2726 sic
1350 2699 1452 2727 nove
1473 2686 1567 2742 Ap.

102 2741 275 2784 dixisse
295 2740 546 2784 concedant.
606 2740 766 2783 Suidas
787 2743 1067 2797 θεοστυγεῖςε
1092 2740 1381 2798 θεομίσητοι,
1415 2738 1457 2783 οἱ
1478 2739 1564 2784 ὑπὸ

105 2799 218 2841 θεοῦ
238 2794 503 2851 μισούμενοι
522 2799 595 2840 καὶ
619 2794 659 2839 οἳ
672 2793 1040 2849 θεόνμισοῧντες·
1066 2811 1177 2852 παρ
1191 2796 1218 2839 ὰ
1241 2798 1265 2839 d
1279 2798 1300 2841 ὲ
1319 2814 1343 2839 τ
1356 2798 1390 2853 ᾦ
1406 2794 1564 2841 Ἀπο-

105 2851 287 2911 στόλῳ
307 2855 653 2911 θεοστυγεῖς
671 2849 796 2907 οὐχὶ
815 2850 868 2896 οἱ
894 2850 1002 2896 ὑπὸ
1036 2855 1179 2897 θεοῦ
1204 2853 1565 2909 μισούμενοι,
