1752 3347
204 107 292 150 402
488 99 867 144 EPISTOLA
901 99 1004 142 AD
1037 98 1403 144 ROMANOS

210 212 263 253 de
285 208 402 252 Ahr.
425 207 518 250 c.7.
540 210 585 249 et
601 206 805 251 Faustin.
826 210 979 249 contra
999 206 1161 249 Arian.
1182 206 1390 265 p.649.a.
1414 204 1479 255 εἰς
1497 203 1550 246 vs)
1571 203 1687 248 ὑπα-

212 262 360 309 κούειν
388 264 602 322 praebent
633 263 791 306 demtis
830 263 1018 320 reliquis
1051 278 1169 307 vocc.
1253 262 1350 306 Hos
1387 261 1691 306 Grieshuchius

212 327 429 379 sequutus
458 326 530 364 est
559 321 710 363 multis
750 320 1064 378 plaudentibus
1104 336 1146 366 v,
1181 335 1218 365 c.
1250 320 1446 376 Koppio,
1496 318 1691 370 Boehm„

213 379 400 432 Rueck„
437 377 603 421 Reiclz..
682 377 916 421 Postremo
945 378 1137 420 leviores
1169 377 1383 434 quaedam
1410 375 1575 418 suntin
1599 376 1690 416 sin-

211 436 329 491 gulis
352 450 393 478 v.
410 435 666 478 varietates,
725 433 833 493 αὐτῇ·
851 450 935 479 om.
956 435 1036 479 Mt.
1056 435 1103 479 k.
1131 437 1137 491 Ι
1164 431 1291 491 αὐτῇ]
1316 435 1384 476 17.
1419 429 1555 474 αὐτοῦ
1571 433 1634 473 sic
1661 433 1668 483 Ι

211 490 322 548 afim]
352 490 415 548 ἐν]
446 489 615 547 αὐτὴν
646 490 690 533 ἐν
720 491 797 533 sic.
823 498 829 541 1
857 489 992 534 αὐτοῦ
1020 495 1024 547 Ι
1052 507 1137 535 om.
1163 491 1235 536 68.
1263 506 1334 549 ap.
1365 489 1554 532 Tresch.
1581 494 1586 540 Ι
1614 487 1690 530 αι’·-

154 568 157 573 ’
212 551 310 605 τοῦ]
339 548 420 592 Mt.
443 547 486 591 d.
510 546 783 592 Theodoret.
803 548 945 593 Basil.
966 547 1032 602 ΙΙ,
1053 548 1153 592 653.
1172 549 1231 592 al.
1257 549 1390 604 αὐτῆς
1409 546 1551 602 (εἷα).
1592 545 1691 589 Jam

211 620 353 661 neque
399 610 621 662 receptam
667 606 898 649 lectionem
949 607 1183 662 genuinam
1231 620 1332 647 esse
1379 618 1520 660 neque
1561 617 1692 658 quam

212 662 381 706 Gre'esb.
407 661 705 704 excudendam
727 663 897 705 curavit
914 663 1046 706 facile
1073 668 1142 706 est
1175 663 1418 704 intellectu.
1485 660 1694 716 Apparet

210 719 324 761 enim
344 752 355 771 ,
393 719 550 776 primis
580 720 770 762 saeculis
799 719 1017 778 duplicem
1051 721 1313 776 scripturam
1346 719 1390 760 in
1412 716 1523 761 Cdd.
1551 717 1692 758 exsti-

212 776 348 829 tisse,
379 790 506 817 unam
528 773 592 826 εἶς
608 773 662 819 το
687 773 929 819 ὕπακούειν
959 793 986 819 α
1002 776 1098 833 ὐτῇ
1125 780 1187 832 (v.
1210 774 1380 829 lren.)‚
1418 775 1604 816 alteram
1628 769 1693 822 εἷς

211 831 263 874 τὸ
292 828 536 874 ὑπακούειν
573 835 670 883 ταῖς
705 831 973 887 ἐπιθυμίαις
1001 832 1138 875 αὗτοῦ
1176 835 1238 888 (v,
1268 832 1412 888 Syn).
1486 829 1693 886 Utraque

211 889 446 946 deincepS,
486 894 536 931 ut
554 890 626 941 fit,
663 890 708 931 in
732 890 928 932 ordinem
959 890 1202 932 insinuavit
1220 889 1507 943 effectumque
1536 891 1606 929 est
1626 887 1692 928 in-
1748 915 1752 942 ἶ

211 948 428 1004 terposito
449 944 517 998 ἐν,
557 950 605 988 ut
625 946 669 987 in
696 961 824 988 unam
844 948 1106 989 sententiam
1129 947 1268 989 coiret
1288 950 1349 1003 (v.
1370 944 1570 1000 Chrys.).
1630 942 1694 985 Hi

213 1007 316 1045 sunt
342 1007 544 1060 receptae
571 1003 777 1045 lectionis
806 1005 1002 1058 natales,
1045 1019 1173 1061 quam
1202 1004 1397 1060 rulyares
1415 1001 1524 1045 Cdd.
1543 1001 1693 1042 fovent

209 1060 255 1104 h.
276 1076 315 1102 e.
333 1060 389 1113 ii,
430 1059 592 1116 quibus
613 1059 889 1103 Mattlueee‘us
910 1061 1146 1119 plurimum
1177 1061 1353 1104 tribuit.
1410 1058 1513 1101 Non
1535 1058 1694 1099 melius

211 1116 482 1160 Gre'esbaclu‘i
506 1116 640 1158 lectio
667 1114 731 1167 εἷς
752 1116 802 1158 τὸ
833 1115 1091 1162 ὑπακούειν.
1130 1122 1382 1176 comparata
1410 1120 1497 1158 est.
1575 1113 1691 1157 Nam
1749 1114 1752 1127 '

207 1174 339 1217 nimis
372 1171 533 1215 nudam
563 1174 686 1216 sistit
720 1175 990 1230 orationem,
1036 1179 1085 1218 ut
1113 1177 1242 1218 multi
1279 1175 1388 1217 hene
1416 1177 1694 1215 monuerunt.

211 1230 326 1273 Sane
347 1230 408 1274 N.
431 1229 491 1274 T.
520 1230 792 1273 consuetudo
813 1231 1155 1275 additamentum
1175 1233 1317 1292 poscit
1341 1232 1384 1275 h.
1402 1246 1440 1274 e.
1461 1234 1538 1272 aut
1558 1227 1622 1279 εἰς
1642 1227 1693 1270 τὸ

208 1283 454 1329 ’ὑπακούειν
484 1285 624 1344 αὐτῇ
654 1292 731 1329 aut
760 1304 796 1332 ε.
826 1305 863 1331 τ.
886 1286 963 1333 ὑπ.
996 1286 1156 1344 ὑμᾶς,
1189 1290 1307 1348 quod
1328 1290 1494 1331 frustra
1517 1286 1693 1342 negavit

207 1343 362 1387 Reicle.
401 1344 512 1386 mire
551 1344 794 1387 obtendens
832 1360 874 1389 v.
908 1348 976 1391 16.
1016 1345 1081 1396 εἷς
1118 1345 1320 1403 ὑπακοήν
1362 1351 1406 1388 ct
1444 1361 1486 1389 v.
1518 1345 1586 1387 19.
1627 1340 1694 1394 εἷς

207 1397 441 1455 ἁγιασμόν.
514 1401 692 1444 Deinde
723 1416 749 1444 a
777 1403 923 1445 trihus
952 1403 1129 1446 minime
1161 1404 1403 1446 luculentis
1436 1400 1694 1444 auctoribus

1745 1290 1752 1361 ,-—.
1743 1238 1752 1279 μ-
1747 1193 1752 1205 ..

207 1456 363 1514 cupide
383 1464 589 1557 suscepta
612 1463 697 1503 est.
758 1460 978 1517 Denique,
1010 1461 1125 1518 quod
1149 1476 1362 1503 summum
1383 1465 1466 1512 est,
1483 1457 1694 1500 librario-
1748 1464 1752 1469 '

207 1528 304 1556 rum
327 1513 380 1556 de
399 1516 503 1556 ver-‘⁸1
543 1517 714 1558 ectione
735 1516 955 1560 dubitatio
976 1519 1245 1562 Griesbachii.
1270 1520 1534 1575 scripturam
1559 1529 1692 1573 pepe-

207 1571 284 1614 rit.
344 1571 501 1614 Solent
519 1573 633 1614 enim
657 1574 843 1627 scribae,
868 1590 1000 1631 quum
1022 1575 1066 1617 in
1088 1575 1308 1634 duplicem
1337 1575 1602 1632 scripturam
1626 1573 1692 1614 in-

206 1626 421 1680 ciderint,
451 1629 610 1681 verba,
645 1629 699 1672 de
730 1632 890 1686 quibus
912 1632 1162 1682 dubitatur,
1193 1632 1440 1675 adulterina
1472 1645 1570 1672 esse
1591 1629 1694 1680 rati,

207 1689 408 1726 neutram
427 1685 688 1741 exprimere.
748 1686 823 1728 Sic
846 1688 886 1729 b.
908 1688 939 1730 l.
958 1690 1160 1730 nonnulli
1177 1690 1371 1741 librarii,
1403 1703 1534 1744 quum
1555 1685 1620 1734 εἰς
1640 1685 1690 1726 τὸ

206 1735 451 1783 ὑπακούειν
480 1738 616 1797 αὐτῇ
645 1745 688 1783 et
721 1739 787 1790 εἷς
816 1758 853 1783 τ.
880 1737 957 1786 {m
986 1747 1109 1793 ταῖς
1139 1743 1489 1797 ἐπιθυμίαις
1519 1737 1690 1784 αι’ντοῦ

207 1796 374 1840 variari
403 1794 644 1849 vidissent,
692 1812 778 1838 non
806 1798 894 1839 nisi
921 1813 1039 1842 vocc.
1071 1800 1184 1841 nulli
1210 1800 1478 1842 dubitationi
1499 1798 1692 1840 obnoxia

207 1854 486 1911 scripserunt
528 1853 573 1895 h.
614 1867 653 1896 e.
694 1851 778 1903 εἰς
817 1852 875 1896 τὸ
914 1849 1094 1896 immun
1112 1852 1244 1897 ύειν.
1330 1856 1448 1898 Hinc
1495 1868 1691 1896 summus

209 1910 377 1953 Griesb.
400 1909 473 1950 hic
493 1908 667 1965 quidem
691 1924 874 1965 magnae
897 1907 1104 1965 ἀκρισίας
1124 1912 1417 1970 postulandus
1438 1916 1522 1955 est.
1565 1911 1692 1981 Quae

208 1981 339 2024 quum
362 1966 425 2007 ita
437 1965 529 2007 sint
541 1966 647 2008 haec
668 1967 795 2009 nobis
817 1967 937 2025 optio
955 1969 1127 2010 rellicta
1146 1974 1228 2018 est,
1253 1976 1302 2011 ut
1323 1975 1399 2011 aut
1420 1967 1484 2019 εἷς
1502 1965 1552 2010 τὸ
1576 1983 1690 2010 υπα-

213 2020 362 2065 κούειν
399 2018 511 2077 αὖτῇ
553 2027 629 2064 aut
669 2021 734 2074 εἷς
775 2039 815 2068 τ.
863 2020 935 2066 1⁶va.
971 2028 1096 2076 ταῖς
1134 2024 1485 2080 ἐπιθυμίαις
1521 2041 1548 2066 α
1564 2023 1652 2066 ι’)το
1668 2025 1692 2066 ὗ

206 2079 350 2122 Paulo
380 2078 653 2122 vindicemus
681 2083 742 2136 (v,
764 2081 1024 2135 Koellnmn).
1096 2084 1252 2140 Atque
1279 2084 1392 2126 illud
1418 2083 1690 2141 Apostolum

206 2136 385 2179 dedisse
413 2137 545 2191 longe
572 2137 866 2180 certissimum
897 2143 982 2182 est.
1059 2138 1263 2197 Namque
1290 2144 1386 2190 ταῖς
1421 2138 1689 2193 ἐπιθυμίαις

208 2191 346 2236 αὐτοῦ
367 2194 647 2236 manifestum
677 2196 897 2250 glossema
920 2201 989 2238 cst
1010 2197 1129 2239 vocis
1148 2197 1256 2255 miti}
1275 2199 1329 2240 ab
1351 2199 1406 2239 iis
1429 2197 1689 2256 profectum,

211 2251 288 2307 qui
307 2265 482 2293 versum
504 2253 547 2295 6.
569 2255 613 2293 et
632 2266 671 2295 v.
698 2266 737 2296 v,
761 2253 830 2296 12.
852 2251 895 2295 ἐν
913 2253 975 2309 τῷ
995 2255 1145 2311 θνητῷ
1174 2251 1290 2308 ὑμῶν
1309 2253 1480 2308 σώματι
1502 2254 1689 2296 contuiti

209 2313 302 2350 tum
326 2323 401 2350 nos
422 2309 470 2350 P.
491 2313 666 2350 auctore
687 2309 868 2352 Peccata
887 2309 1079 2366 obsequi,
1120 2327 1246 2368 (picem
1270 2327 1376 2370 quas
1397 2326 1549 2366 corpus
1568 2311 1688 2353 arci-

209 2366 367 2407 faverit
395 2365 701 2419 cupiditatibus
735 2365 978 2408 obediamus
1014 2374 1256 2413 mouerent.
1330 2368 1507 2411 Deinde
1545 2366 1609 2417 εἷς
1636 2366 1687 2410 τὸ
1720 2367 1735 2413 ε’

210 2416 452 2463 ὑπακούειν
480 2418 620 2479 αὐτῇ
650 2436 700 2463 eo
722 2423 938 2476 firmatur,
969 2425 1084 2480 quod
1111 2420 1365 2482 ᾗἎμαρτιά
1387 2426 1475 2470 h.l.
1499 2438 1690 2484 persona

211 2482 304 2531 est,
343 2477 396 2520 de
419 2493 502 2534 qua
531 2479 811 2535 potissimum
842 2481 1078 2538 exponitur
1107 2484 1184 2538 (cf.
1206 2482 1265 2539 μι]
1292 2478 1367 2524 οἶν
1392 2485 1496 2536 βασ.
1531 2480 1555 2538 ἡ
1577 2480 1688 2535 ‘Apt-

211 2539 255 2575 et
275 2549 316 2579 v.
339 2536 408 2579 13.
425 2535 538 2591 μηδὲ
560 2551 667 2590 παρ.
688 2552 723 2578 τ.
747 2553 791 2590 μ.
813 2532 854 2581 ὓ.
877 2534 914 2579 ὃ.
946 2534 1013 2579 (id.
1045 2540 1109 2595 τῇ
1133 2537 1444 2596 Ἅμαρτίᾳ),
1477 2537 1683 2596 quemad-

213 2591 384 2633 modum
405 2592 448 2633 in
470 2592 678 2634 membris
696 2595 915 2660 oppositis
935 2609 975 2638 v,
991 2596 1061 2640 13.
1081 2595 1104 2637 ὁ
1133 2594 1262 2646 Θεός.
1326 2597 1445 2640 Hinc
1462 2597 1595 2638 etiam
1614 2607 1680 2638 re-

211 2647 475 2705 pudiandam
503 2664 602 2692 esse
631 2651 863 2694 lectionem
891 2649 956 2702 εἷς
991 2653 1041 2695 τὸ
1072 2650 1309 2695 ὑπακούειν
1343 2652 1514 2710 αὐτῷ.
1571 2664 1678 2709 quae

210 2706 405 2762 alioquin
422 2707 676 2762 plausibilis
696 2707 839 2753 videri
860 2714 1040 2768 posset,
1070 2711 1316 2766 conficitur.

1702 3071 1743 3347 mv:
1724 2992 1741 3049 M-
