1752 3347
166 73 253 116 406
443 68 814 110 EPISTULA
854 69 957 110 AD
989 67 1355 113 ROMANOS

167 176 325 219 tationi
345 174 508 214 nullam
531 173 615 215 vim
634 178 711 215 aut
733 173 903 239 pondus
923 174 1130 227 adderet,
1172 176 1377 232 tetigisse
1400 174 1636 221 videretur.

167 232 321 275 Aliter
351 244 423 271 res
455 229 660 282 haberet,
706 245 744 271 sn
772 230 876 279 τοὺς
910 226 1270 286 ὑστεροπότμους
1305 247 1436 289 quum
1473 239 1560 274 tem
1595 233 1639 275 la

166 287 382 329 adiissent
403 286 506 328 Diis
537 301 585 328 se
614 301 707 328 cum
730 287 993 329 caerimonia
1015 288 1188 331 stitisse
1209 293 1451 332 constaret.
1515 248 1640 332 Uiti-

167 359 280 385 mum
307 343 547 385 membrum
576 344 650 385 καὶ
676 343 730 384 τὰ
752 343 864 400 μέλη
892 340 1011 397 ὑμῶν
1031 346 1070 387 ὅ.
1101 346 1138 387 ὁ.
1159 361 1198 388 τ.
1224 347 1276 388 Θ.
1296 349 1391 403 (np.
1413 342 1641 400 παριστά-

164 415 282 449 νετε,
331 399 449 455 quod
477 415 500 442 e
531 400 849 457 παραστήσατε
883 401 1140 458 petendum)
1178 402 1326 446 vei-his
1358 417 1399 446 v.
1429 401 1498 446 13.
1528 402 1642 458 μηδὲ

166 455 460 509 παριστάνετε
496 483 545 489 -
575 458 628 512 τῇ
648 451 866 515 εΛμαρτίᾳ
901 459 1162 515 opponitur:
1209 464 1250 502 et
1280 459 1472 502 membra
1499 463 1642 502 vestra

164 513 476 566 instrumenta,
514 513 663 569 quibus
685 514 904 557 honestum
931 517 1128 573 effectum
1156 517 1364 559 reddatur
1391 518 1452 571 (ν.
1475 530 1514 558 c.
1542 529 1644 558 cera

164 569 391 625 quuendo,
439 570 620 627 afflictis
653 571 889 613 hominibus
920 586 1039 627 opem
1080 573 1277 629 serendo)
1313 574 1410 616 Deo
1449 571 1645 615 exhibete

163 629 270 681 (non
299 627 437 668 semel
463 633 539 669 aut
569 642 654 669 uno
684 629 897 685 temporis
929 634 1146 672 momento
1174 630 1516 687 παραστήσατε,
1565 626 1644 671 sed

164 696 361 739 semper,
392 681 721 737 παριστάνετε).

278 739 336 783 V.
359 741 428 783 14.
460 740 597 783 Nulla
620 755 762 798 neque
789 740 1051 784 difficultate
1081 757 1222 799 neque
1243 741 1514 784 obscuritate
1531 740 1646 783 hunc

187 828 225 848 .‚
264 795 318 838 de
380 811 433 838 uo
465 798 695 840 verbosior
725 813 852 855 quam
884 799 1156 841 fructuosior
1185 799 1448 850 multorum,
1496 802 1546 839 ut
1572 797 1646 840 Vi-

165 853 336 907 trinyae
403 854 468 898 hs.
493 869 555 897 ss.
576 854 655 898 lib.
678 855 765 898 Vl.
788 871 824 900 c.
845 857 911 899 17.
930 881 975 888 -
995 858 1063 899 19.
1086 871 1130 913 p.
1152 855 1433 899 443.—479.
1454 854 1645 911 Franeq.

165 910 293 952 1700.
312 910 357 954 4.
389 916 433 953 et
453 910 620 954 Reiclzii
639 911 678 966 Ι,
701 912 979 956 483.—492.
1012 912 1257 970 disputatio
1284 917 1374 966 est,
1414 911 1555 970 premi
1581 911 1647 952 in-

163 970 385 1023 terpretes
425 967 665 1022 vidissent,
712 970 752 1011 si
791 984 903 1026 quae
944 969 1170 1027 praecedit
1201 968 1333 1012 Pauli
1371 984 1420 1011 ex
1457 967 1649 1011 ositione

164 1037 204 1066 v.
228 1024 418 1068 1.—13.
449 1024 690 1081 diligenter
717 1041 769 1068 ex
807 1027 911 1069 ensa
947 1026 1154 1083 quidnam
1187 1033 1263 1069 aut.
1292 984 1453 1069 dicen&

163 1081 389 1138 Apostolo
419 1088 541 1124 esset
579 1088 656 1125 aut
685 1041 909 1126 cordatum
942 1084 1083 1126 virum
1121 1085 1194 1126 hic
1234 1083 1427 1143 adjicere
1464 1082 1651 1124 maxime

163 1144 501 1181 consentaneum
523 1144 643 1182 esset
664 1140 1041 1185 considerassent.
1098 1131 1305 1199 Apparet
1327 1147 1497 1193 autem,
1523 1138 1651 1194 longi

164 1196 409 1249 sermonis,
447 1211 532 1253 quo
565 1197 704 1239 levem
733 1204 776 1241 et
803 1198 1044 1255 improbam
1066 1199 1355 1256 objectionem
1375 1198 1651 1240 refutaturus

165 1265 207 1295 v.
228 1253 260 1295 l.
290 1253 486 1295 homines
514 1253 668 1298 christ.
690 1256 824 1298 missa
849 1256 1075 1314 impietate
1097 1258 1308 1314 pietatem
1330 1254 1531 1297 omnibus
1555 1259 1650 1295 stu-

165 1307 251 1350 diis
274 1311 526 1367 complexos
557 1326 656 1353 csse
679 1312 772 1370 Ap.
801 1313 944 1370 primo
974 1313 1168 1355 ostendit
1190 1329 1228 1355 v.
1246 1313 1355 1356 2.-
1371 1311 1463 1364 11.,
1493 1308 1651 1353 deinde

167 1372 216 1407 ut
239 1367 329 1408 voti
358 1367 414 1408 ab
441 1383 488 1410 se
520 1370 721 1426 concepti
750 1370 859 1412 hene
889 1385 1105 1412 memores
1129 1371 1276 1413 scelus
1304 1370 1497 1412 vitarent
1516 1368 1652 1410 hone-

165 1426 413 1480 statemque
444 1429 720 1468 sectarentur
744 1428 934 1469 lectores
965 1429 1133 1470 monuit
1163 1428 1274 1469 hanc
1300 1426 1577 1484 aptissimam
1607 1427 1653 1466 et

166 1494 296 1535 quam
325 1496 450 1524 nemo
471 1497 558 1524 non
587 1483 866 1539 potissimum
890 1491 1117 1542 exspectet
1136 1484 1380 1526 clausulam
1401 1497 1526 1537 esse,
1565 1481 1652 1539 quii

165 1537 356 1579 lectores
386 1545 620 1597 praecepta
654 1556 733 1582 sua
761 1556 801 1585 v.
826 1542 894 1586 12.
917 1543 986 1585 13.
1017 1542 1332 1584 observaturos
1362 1555 1459 1582 esse
1475 1544 1652 1596 propter

165 1600 515 1648 myumentorum
530 1597 726 1650 superius
741 1599 975 1642 allatorum
990 1631 1002 1651 ,
1026 1614 1049 1640 e
1074 1599 1235 1656 quibus
1259 1597 1522 1641 ob'ectionis
1553 1611 1594 1639 v.
1611 1596 1651 1639 1.

166 1650 635 1749 positael—perversitas
658 1654 845 1706 eluceat,
871 1656 1131 1710 yria-itatem
1152 1671 1200 1698 se
1221 1670 1300 1697 con
1319 1654 1441 1697 ldere
1456 1653 1508 1697 P.
1530 1653 1652 1695 affir-

166 1710 272 1751 met.
379 1722 455 1748 aec
481 1722 584 1749 vero
605 1709 803 1750 clausula
826 1711 926 1752 huic
948 1725 1013 1754 VS.
1034 1712 1166 1753 inest.
1232 1711 1347 1753 Nam
1370 1712 1511 1768 prima
1532 1723 1652 1751 voce.

167 1757 242 1815 ἂμ.
272 1777 311 1817 y.
339 1761 375 1804 ὑ.
405 1760 458 1805 οὗ
478 1779 574 1819 κυρ.
603 1779 733 1819 quam
754 1767 847 1822 Ap.
868 1767 911 1807 in
941 1767 1185 1809 lectoribus
1217 1782 1339 1835 spem
1368 1765 1654 1809 collocaverit

1218 1819 1230 1835 2

167 1817 417 1872 declarant,
446 1820 599 1861 ultima
623 1827 769 1862 autem
793 1836 832 1864 v.
854 1819 905 1862 οὗ
924 1837 964 1876 y.
986 1821 1021 1864 ε’.
1046 1820 1084 1866 ὑ.
1106 1839 1166 1876 v.,
1206 1839 1250 1866 α.
1273 1840 1309 1864 ι’.
1327 1839 1367 1874 χ.
1397 1824 1483 1879 qua
1506 1836 1554 1863 re
1573 1820 1655 1863 illa

167 1890 272 1933 spes
294 1876 464 1917 nitatur
485 1890 564 1933 per
593 1875 768 1918 brevem
798 1879 1004 1934 superius
1033 1879 1278 1936 positorum
1295 1882 1654 1934 argumentorum

166 1930 556 1989 ἀνακεφαλαίωσιν
583 1932 904 1978 demonstrant.
977 1934 1049 1978 De
1075 1936 1267 1992 singulis
1297 1950 1337 1979 v.
1360 1936 1464 1978 haec
1485 1935 1575 1977 acci
1611 1949 1652 1979 c.

164 1987 381 2046 Ἀμαρτία
403 1989 466 2044 (3,
485 1990 575 2044 9.),
602 1989 733 2047 χάρις
753 1993 814 2047 (v.
840 1992 930 2045 15.)
963 1996 1006 2034 et
1026 1988 1160 2045 νόμος
1179 1993 1244 2048 (3,
1268 1993 1341 2036 21.
1362 1993 1444 2046 al.)
1469 2007 1554 2034 non
1577 1949 1655 2034 iia-

166 2045 273 2087 bent
294 2046 576 2099 Articulum,
629 2061 754 2103 quem
789 2049 1040 2091 nominibus
1070 2056 1115 2091 et
1135 2049 1374 2091 abstractis
1401 2055 1444 2092 et
1498 2063 1655 2091 uorum

106 2113 117 2121 ²
167 2102 340 2146 indoles
363 2119 386 2144 a
409 2104 630 2145 nominum
653 2105 931 2162 propriorum
955 2107 1111 2148 natura
1135 2121 1220 2149 non
1240 2108 1424 2149 multum
1446 2122 1468 2147 a
1505 2107 1656 2148 horret

169 2174 302 2201 saeve
333 2159 447 2202 demi
476 2166 649 2202 constat
681 2164 744 2217 (ν.
773 2168 864 2204 not.
900 2162 957 2204 ad
993 2162 1155 2208 Matth.
1227 2196 1237 2207 .
1257 2164 1358 2207 206.
1399 2169 1444 2206 et
1478 2162 1654 2220 Selenes.

169 2215 226 2257 ad
295 2231 376 2260 em.
398 2215 464 2270 ll,
486 2233 530 2275 p.
548 2218 658 2269 50.).
726 2218 897 2261 Vocula
931 2235 1108 2262 causam
1140 2179 1328 2263 aflldrens
1357 2217 1439 2278 γάρ
1470 2219 1525 2262 ad
1560 2221 1654 2278 Ap.

166 2275 390 2329 postulatu
410 2274 451 2318 h.
475 2289 515 2318 e.
539 2275 594 2317 ad
617 2274 906 2331 Imperate'z·os
928 2291 968 2320 v.
995 2278 1063 2321 12.
1087 2278 1156 2321 13.
1180 2284 1367 2335 spectat.
1437 2277 1652 2320 Futurum

171 2326 224 2371 οὐ
247 2327 469 2385 κυριεύσει
485 2363 495 2379 ,
527 2337 576 2373 ut
597 2346 754 2390 saepe,
786 2348 876 2375 rein
899 2334 1090 2376 futuram
1112 2336 1336 2392 sperantis
1358 2339 1450 2378 est:
1490 2333 1656 2376 Pecca-

170 2390 261 2428 tum
284 2387 399 2429 enim
423 2387 465 2429 in
487 2403 564 2430 vos
585 2404 694 2442 non,
734 2396 781 2432 ut
812 2390 917 2432 mihi
941 2391 1212 2449 persuadeo,
1242 2391 1543 2434 dominabitur
1560 2392 1590 2434 i.
1610 2406 1654 2448 q.

170 2458 256 2484 non
285 2445 399 2486 enim
422 2442 654 2487 Peccatum
686 2451 949 2504 potestatem
980 2450 1022 2491 in
1047 2464 1124 2491 vos
1152 2464 1355 2492 exercere
1375 2464 1452 2491 vos
1478 2463 1655 2490 conces-

173 2515 302 2542 suros
327 2517 425 2543 esse
444 2506 506 2557 (v.
525 2518 564 2546 v·
582 2504 673 2556 12.)
695 2504 869 2558 confide.
926 2504 1102 2561 Quibus
1122 2521 1163 2550 v.
1186 2521 1318 2564 quum
1341 2507 1421 2548 hoc
1444 2506 1496 2549 P.
1518 2520 1654 2547 enun-

171 2557 270 2608 tiet,
302 2557 520 2601 Romanos
543 2561 690 2618 pravis
723 2561 887 2603 studiis
911 2562 954 2604 in
974 2569 1200 2621 posterum
1222 2579 1307 2606 non
1329 2563 1654 2619 obsequuturon

173 2628 272 2656 esse
294 2630 339 2656 se
364 2616 484 2658 lirnic
504 2617 707 2670 credere,
738 2620 876 2661 multo
895 2621 995 2676 plus
1020 2621 1074 2662 iis
1097 2621 1235 2673 inest,
1267 2636 1396 2677 quam
1419 2619 1651 2663 interdicto

173 2670 499 2716 contineretur:
546 2673 606 2730 w)
636 2675 718 2732 γὰρ
750 2671 773 2730 ᾗ·
804 2671 1023 2733 (Αμαρτιά
1057 2675 1173 2728 ὑμῶν
1201 2677 1454 2734 κυριευέτω.
1525 2670 1647 2717 Εἶναι

175 2724 264 2770 ὑπὸ
290 2727 423 2784 νόμον
445 2730 526 2786 leqe·
555 2747 658 2775 mos.
686 2732 903 2776 subditum
924 2749 1015 2777 esse
1042 2735 1170 2791 (Gal.
1190 2735 1234 2789 4,
1258 2737 1352 2790 21.)
1380 2733 1556 2778 denotat
1577 2745 1649 2773 va·

1454 1041 1523 1068 um
1552 1026 1597 1069 h.
1614 1025 1664 1069 l.'

1719 207 1728 228 t

1719 273 1744 334 μὴν.

1704 2223 1741 2264 ¹2
