1752 3347
236 148 324 195 286
511 141 897 189 EPISTOLA
932 144 1038 189 AD
1073 143 1437 194 ROMANos

234 269 260 296 a
282 251 464 297 ChriSto
484 250 612 294 nobis
629 254 809 309 paratae
831 251 1076 308 generatim
1095 265 1316 312 opponere
1335 253 1475 296 Paulo
1491 254 1538 300 h.
1551 257 1585 302 1.
1604 271 1706 316 pro-

267 309 427 353 ositum
451 313 543 362 est,
574 322 657 350 non
688 309 769 350 hoc
798 310 970 362 docere,
1003 310 1217 363 Mortem,
1249 311 1334 368 qna
1356 311 1554 353 Adamas
1579 327 1708 357 occu-

233 326 406 420 liuerit,
436 363 617 407 Peccati
637 364 693 406 ah
711 379 762 408 eo
780 366 967 423 primum
996 368 1218 410 commissi
1250 368 1564 425 pedissequam
1592 382 1707 416 esse.

235 424 420 479 Gtcrpz.,
456 421 611 479 Wolf„
643 422 873 466 Bretschn.
897 423 942 464 in
962 423 1018 467 l.:
1056 426 1135 470 §oie
1156 426 1333 473 (θτυηῦῐ.
1364 428 1432 470 δρᾶ
1457 437 1595 481 evang.
1617 427 1709 482 ‘Dies

233 484 381 528 tissmuss
403 483 544 535 u.f.ro.
575 481 691 535 reim.
712 479 836 525 1833.
865 494 910 537 p.
934 481 1032 524 174.
1053 482 1112 524 al.
1132 482 1311 524 voculas
1343 482 1420 524 καὶ
1453 479 1596 531 οὕτως
1623 497 1706 540 pro

234 534 351 581 οὕτω
372 535 449 578 καί
475 536 526 593 (2
546 535 649 580 Cor.
670 537 709 589 1,
726 537 770 579 7.
799 537 843 590 7,
866 537 936 580 14.
966 536 1080 595 Eph.
1100 538 1150 593 5,
1170 539 1266 592 24.)
1295 538 1506 598 trajectas
1536 552 1561 579 ο
1597 538 1709 582 inati

231 591 447 652 apodosin
489 607 514 634 a
544 607 585 637 v.
615 595 690 636 καί
728 589 865 643 οὕτως
903 594 1092 653 incipere
1119 596 1454 653 perhibuerunt.
1582 610 1707 639 erum

231 652 345 695 euim
367 664 472 693 vero
493 663 651 692 vanum
674 654 744 693 est
777 650 1054 710 trajectionis
1081 657 1393 706 commentum,
1426 650 1542 709 quod
1569 652 1708 695 inter-

231 712 407 768 pretum
427 707 586 751 levitas
608 712 653 750 et
678 706 899 765 cupiditas
930 710 1214 765 excogitavit.
1278 709 1536 768 Sapientius
1567 710 1708 765 igitur

264 765 395 807 uibus
422 765 530 807 haec
561 765 800 822 explicatio
828 766 1077 822 antiquitus
1112 767 1160 809 in
1189 772 1376 809 mentem
1409 766 1604 808 venisset
1631 765 1709 810 καί

229 781 487 865 deleverunt
515 827 618 863 ante
649 819 789 872 οὕτως
821 822 887 877 (4.
907 822 989 867 Mt.
1007 838 1063 881 ,(Ῑ.
1090 823 1379 867 Αηιόνοεῐιιεΐ.
1406 824 1506 878 aL).
1566 822 1707 866 Prae-
1733 856 1736 859 .

226 884 349 922 terea
372 879 449 921 isti
468 878 665 936 opinioni
694 883 738 921 et
767 878 842 920 διὰ
867 880 1000 922 τοῦτο
1029 881 1168 922 officit
1191 894 1324 922 sensu
1354 893 1535 922 vacuum
1565 886 1609 923 et
1640 878 1705 922 δι’

229 932 350 986 ἑνὸς
380 932 684 992 ἀνθρώπου
714 934 832 995 (jure
858 941 1196 994 exspectaveras
1225 937 1300 978 διὰ
1329 937 1423 978 τοῦ
1442 933 1631 993 Ἀδάμ)
1660 940 1706 979 et

226 991 284 1037 P.
315 993 574 1046 consilium,
619 1007 747 1049 quem
786 992 868 1034 hoc
902 993 1047 1036 dicere
1077 994 1273 1035 voluisse
1304 997 1540 1050 appareat,
1589 996 1706 1037 sicut

225 1048 434 1094 Adamas
455 1054 678 1109 peccatum
700 1053 744 1091 et
763 1053 944 1092 mortem
974 1050 1017 1092 in
1051 1049 1258 1092 mundum
1289 1049 1611 1105 introduxerit,
1640 1051 1706 1094 ita

227 1107 456 1151 Christum
495 1107 770 1149 innocentiae
810 1110 855 1149 et
892 1107 1009 1148 vitae
1047 1112 1269 1149 auctorem
1299 1107 1427 1149 nobis
1455 1108 1705 1154 exstitisse.

226 1163 332 1208 Non
349 1166 488 1220 igitur
515 1164 626 1206 hanc
654 1164 918 1205 sententiam
946 1163 991 1206 h.
1011 1163 1044 1207 l.
1067 1165 1304 1222 exposuit:
1336 1163 1709 1221 quemadmodum.

224 1236 306 1280 per
337 1221 562 1265 Adamum
604 1235 721 1262 mors
760 1235 783 1262 e
819 1224 997 1278 peccato
1026 1225 1126 1263 nata
1156 1236 1246 1263 esse
1276 1222 1435 1276 coepit,
1473 1222 1536 1263 ita
1570 1222 1703 1265 etiam

225 1292 408 1322 omnes
435 1277 681 1323 homines
711 1291 828 1319 mors
853 1278 1008 1320 idcirco
1033 1278 1267 1332 corripuit,
1296 1279 1404 1335 qnod
1420 1293 1571 1321 omnes
1601 1294 1703 1337 pec-

221 1340 395 1379 carunt.
454 1333 830 1391 Quemadmodum
851 1339 994 1376 autem
1017 1333 1225 1392 apodosis
1247 1349 1313 1378 vs·
1338 1335 1406 1378 12.
1432 1336 1546 1378 male
1570 1350 1705 1393 quae-

226 1393 313 1435 sita
333 1396 428 1445 est,
458 1392 521 1434 ita
541 1391 672 1433 etiam
695 1405 789 1433 eam
811 1391 970 1434 diserte
987 1392 1255 1434 enuntiatam
1274 1406 1339 1435 VS.
1362 1391 1497 1435 13.—
1515 1395 1585 1437 19.
1607 1393 1702 1435 fru-

222 1453 320 1492 stra
349 1448 696 1506 circumspicias.
772 1447 903 1491 Unde
944 1450 1174 1506 quaeritur
1205 1453 1250 1491 et
1288 1448 1529 1505 cujusmodi
1563 1450 1703 1492 fuerit

223 1505 457 1565 apodosis,
498 1520 628 1562 quam
661 1520 792 1562 quum
818 1506 1021 1561 protasin
1050 1506 1266 1562 inciperet
1296 1505 1346 1548 P.
1380 1506 1425 1547 in
1450 1511 1592 1548 mente
1623 1507 1702 1549 ha-

222 1563 397 1617 buerit,
427 1563 575 1605 verbis
595 1561 761 1603 diserte
781 1562 930 1618 eloqui
953 1562 1178 1614 omiserit,
1209 1566 1253 1603 et
1284 1561 1356 1604 ube?
1384 1577 1405 1603 a
1446 1562 1592 1605 odosis
1622 1569 1702 1607 aut

223 1635 248 1663 e
273 1618 328 1664 P.
357 1620 502 1662 animo
534 1618 761 1661 effluxerit
787 1624 866 1660 ant
895 1633 975 1660 suo
1003 1619 1101 1660 loco
1131 1619 1330 1673 neglecta
1356 1619 1409 1660 ob
1434 1621 1535 1676 ique
1560 1620 1614 1662 ab
1647 1636 1698 1663 eo

221 1676 415 1720 indicata
446 1677 522 1720 sit.
595 1674 736 1717 Paulo
777 1689 909 1731 quum
944 1675 1147 1745 protasin
1187 1674 1411 1718 ordiretur
1446 1676 1701 1736 hujusmodi

223 1733 463 1804 apodosin:
492 1732 609 1775 οὕτω
629 1733 702 1774 καὶ
726 1729 788 1773 δι’
811 1728 910 1782 ἑνὸς
931 1732 1176 1787 ανθρώπου
1209 1728 1233 1789 ἡ
1264 1733 1419 1776 ducac
1435 1731 1604 1791 οσύνη
1635 1733 1701 1785 εἰς

221 1808 298 1834 τον
317 1787 484 1844 κόσμον
497 1787 680 1844 εἱςῆλθε
697 1789 772 1830 καὶ
793 1788 868 1830 διὰ
888 1789 968 1844 τῆς
987 1786 1274 1845 δικαιοσύνης
1296 1783 1320 1844 ἢ
1350 1789 1414 1841 ζω
1428 1789 1474 1846 ἡ,
1495 1789 1567 1831 ἵνα
1588 1791 1699 1832 πάν-

221 1862 294 1897 τες
323 1841 563 1903 ἅνθρωποι
592 1843 909 1893 δικαιωθέντες
941 1842 1132 1900 ζήσωσιν
1163 1846 1440 1888 obversatam
1473 1861 1573 1889 esse
1603 1853 1697 1891 tum

220 1903 433 1963 protasis,
448 1908 541 1945 tum
559 1901 698 1942 totius
718 1901 1066 1956 Largumentum
1081 1901 1276 1943 ostendit
1298 1904 1359 1957 (v.
1375 1904 1698 1960 16.—19.21.).

221 1959 482 2021 Cujusmodi
521 1956 734 2015 apodosin
773 1957 899 1999 finita
941 1958 1111 2015 protasi
1142 1955 1212 2015 ἐφ’
1247 1950 1281 2014 ᾧ
1310 1956 1473 2009 πάντες
1503 1957 1699 2017 ἥμαρτον

219 2034 265 2064 v.
288 2019 358 2063 12.
391 2016 535 2060 Paulo
565 2013 619 2057 de
648 2014 857 2056 memoria
882 2014 1103 2057 excidisse
1121 2029 1355 2073 perperam
1376 2016 1607 2060 existimes
1633 2020 1699 2074 (v.

219 2075 415 2132 BenqeL,
448 2073 604 2117 Morus
623 2076 669 2114 et
690 2071 902 2127 Lachm.)
915 2071 977 2127 ἢ.
1035 2070 1104 2114 Ita
1126 2073 1241 2114 enim
1268 2078 1313 2115 et
1332 2072 1480 2116 brevis
1500 2079 1545 2116 et
1564 2075 1699 2132 plana

218 2132 415 2193 protasis
451 2135 521 2174 est
548 2144 590 2174 v.
614 2129 708 2183 12„
747 2134 796 2171 ut
823 2129 868 2170 in
902 2127 1110 2186 apodosis
1136 2130 1401 2172 oblivionem
1423 2132 1698 2189 Apostolum

218 2205 306 2234 non
324 2189 529 2233 videatur
545 2186 760 2229 adducere
786 2186 1000 2244 potuisse.
1058 2186 1295 2247 Adjunge,
1327 2187 1444 2244 quod
1471 2202 1511 2232 v.
1533 2190 1602 2232 13.
1625 2189 1698 2233 14.

219 2247 444 2306 posterior
462 2245 657 2304 protasis
678 2243 897 2286 sententia
928 2244 1026 2299 (καὶ
1058 2241 1199 2294 οὕτως
1227 2270 1278 2276 ——
1312 2242 1510 2301 ἥμαρτον
1538 2260 1579 2289 τ.
1604 2247 1698 2302 12.)

220 2306 366 2348 obiter
396 2304 620 2356 firmatur,
672 2299 786 2343 unde
817 2315 903 2342 non
936 2300 1025 2342 nisi
1048 2299 1176 2354 finito
1209 2316 1269 2344 rs.
1294 2302 1365 2346 14.
1396 2301 1610 2359 apodosin
1642 2317 1698 2345 ex

219 2362 315 2420 Ap.
339 2361 549 2404 memoria
571 2359 815 2402 excessisse
844 2358 1146 2415 consequitur.
1212 2358 1351 2411 (aha,
1385 2359 1554 2412 Limb„
1589 2359 1715 2402 ⁷⁷10--

219 2419 352 2473 Incc.,
382 2418 588 2462 Koellner
607 2417 666 2460 al.
688 2414 876 2458 Paulum
907 2415 1146 2472 apodosin‚
1186 2415 1313 2474 cujus
1343 2417 1584 2471 legitimam
1604 2417 1696 2458 for-

219 2490 333 2518 mam
359 2475 586 2519 nonnullis
614 2472 821 2516 memhris
850 2472 1095 2531 interjectis
1123 2472 1333 2516 obliuioni
1361 2472 1582 2527 dedisset,

219 2533 514 2576 anacoluthon
533 2530 681 2576 verbis
702 2545 743 2574 v.
766 2530 837 2573 14.
858 2527 906 2579 ὅς
927 2528 1020 2571 ἐστι
1038 2528 1180 2580 τύπος
1201 2532 1278 2571 ’τοῦ
1295 2528 1534 2582 μέλλοντος
1556 2533 1623 2574 inc
1644 2543 1692 2571 u-

220 2590 335 2632 sisse
362 2595 535 2647 putant.
593 2588 718 2646 Quae
745 2586 895 2645 opinio
922 2586 1036 2630 falsa
1067 2592 1134 2629 est
1171 2594 1429 2645 propterea,
1469 2587 1584 2645 quod
1611 2587 1690 2628 illa

218 2660 261 2692 v.
281 2647 539 2690 muniendae
560 2661 626 2691 vs,
647 2646 718 2691 12.
740 2644 987 2688 sententiae
1013 2644 1087 2687 καὶ
1105 2640 1246 2695 οἱῗιως
1268 2670 1317 2677 -
1345 2642 1540 2703 ἥμαρτον
1565 2643 1690 2686 unice

264 2746 299 2791 *)
333 2744 458 2796 Q13²¹¹1
480 2756 607 2789 parum
640 2746 789 2778 Lat-hm.
818 2743 920 2796 hujus
947 2742 973 2778 l.
1002 2743 1074 2777 vim
1103 2744 1304 2801 perceperit
1332 2743 1467 2790 inepta,
1506 2755 1609 2788 quam
1637 2756 1690 2776 cx-

309 2795 496 2836 cogntavn‚
532 2791 775 2836 interpunctio
803 2790 956 2825 inducat:
992 2802 1028 2825 v.
1052 2791 1108 2824 12.
1136 2809 1179 2815 —
1210 2803 1372 2835 ημαριον
1395 2807 1442 2814 -
1475 2802 1504 2823 v.
1525 2787 1577 2825 13.
1604 2788 1699 2838 ἄχρι.

308 2850 342 2873 κ.
366 2850 399 2872 z.
422 2835 454 2871 λ.
481 2841 515 2871 εί
542 2849 573 2870 v.
598 2839 652 2875 14.
680 2856 724 2863 —
751 2839 817 2873 τοῦ
840 2837 1061 2881 μέλλοντά,
1086 2837 1138 2880 (v.
1164 2839 1239 2880 15.)
1263 2832 1401 2872 ἄλλ’-κ.
1429 2847 1460 2870 τ.
1479 2836 1512 2869 λ.
