1752 3347
539 185 697 232 GAP.
739 183 778 231 1.
823 184 916 229 Vs.
951 185 1019 231 16.
1050 184 1146 230 1⁷..
1506 183 1567 227 4⁵

96 294 272 337 ,ludaeis
287 297 329 336 et
351 290 535 349 paqam‘s
551 289 680 336 Rom.
698 291 840 345 2‚10..
896 292 983 335 Sed
1005 291 1182 333 Iudaeis
1201 289 1322 345 poti
1329 288 1562 345 ssimum,

93 357 142 394 nt
167 350 353 393 nationis
378 349 470 391 Deo
495 348 678 390 dilectae
700 349 955 406 summisque
980 348 1035 390 ab
1064 360 1113 389 eo
1138 343 1352 400 beneficiis
1377 346 1563 404 affectae

91 407 329 450 hominibus
354 405 519 447 numini
546 406 654 448 more·
681 405 918 449 crantibus.
987 404 1197 461 Apparet
1223 417 1278 444 ex
1311 402 1407 456 his,
1445 417 1559 459 quae

92 463 220 505 modo
248 461 594 520 dispntzu'i1nnS‚
625 420 679 503 οἵ)
706 461 751 503 id
779 462 922 503 iwsum
941 461 1192 518 Apostolos
1215 458 1341 517 prius
1360 457 1561 513 Iudaeis,

92 534 221 576 quam
253 518 493 573 gentilibus
522 517 761 560 doctrinam
789 476 877 562 ‹liv.
909 518 1068 560 offerre
1096 518 1255 559 solitos
1286 530 1409 571 esse,
1453 530 1563 573 quo-

92 577 207 618 niam
229 577 321 618 illis
343 590 436 616 eam
456 573 581 615 Deus
600 574 751 616 intime
771 590 916 616 secum
949 575 1076 616 nexis
1104 572 1381 627 hominibus,
1418 574 1561 632 potis-

89 634 248 674 simum
275 631 573 672 destinaverat
599 631 707 672 Act.
737 631 861 683 3,25.
889 631 978 674 26..
1050 629 1255 674 Ceterum
1281 630 1326 675 h.
1352 631 1386 675 l.
1415 631 1561 689 expli-

90 702 162 732 ca:
198 702 301 730 nam
326 691 390 729 est
417 699 565 739 evany.
593 699 663 727 res
686 686 774 728 Dee·
800 684 991 743 efficax,
1022 692 1226 730 aeternae
1256 687 1458 730 beatitati
1482 686 1559 745 fu-

87 743 374 800 taracaz'qae,
403 742 475 799 qai
491 740 620 794 fidem
637 741 816 795 habeat,
855 747 898 784 et
925 743 1086 784 Jadaeo
1111 743 1453 797 potissimum
1477 743 1559 801 (ol)

85 800 305 858 promissa
329 798 451 854 genti
462 796 668 857 judaicae
686 796 813 854 data)
842 802 888 840 et
918 800 995 852 (—-
1012 803 1163 856 somobl
1192 803 1279 845 bem
1299 799 1438 854 &uben
1465 813 1558 848 noc

86 860 259 911 mica,
289 860 353 902 0123
381 858 476 905 aud)
508 858 593 900 bem
610 856 796 911 sociem.)
853 854 915 899 V.
935 856 1006 899 17.
1049 854 1233 899 Nexus:
1261 871 1351 898 esse
1374 872 1481 900 evan
1510 873 1555 900 e-

83 915 191 957 liam
209 911 432 971 efficacem
449 912 537 954 Dei
559 912 822 965 doctrinam,
858 910 1125 965 omnibus,
1159 912 1248 969 qai
1273 910 1443 968 fidem
1505 929 1556 958 a·

84 971 264 1024 beant,
292 974 494 1012 aeternae
509 967 718 1024 felicitati
730 966 930 1024 saturam
947 966 1152 1022 (ὁύναμις
1169 993 1223 1000 -
1240 970 1374 1009 παντὶ
1390 971 1453 1026 τῷ
1471 986 1557 1014 πι-

83 1023 284 1069 στεύοντι
310 1040 376 1069 vs.
408 1026 499 1080 16.)
525 1038 621 1066 vere
649 1024 859 1068 contendi.
932 1025 1054 1067 Nam
1079 1024 1263 1067 recludit
1290 1027 1556 1081 evanyele'am

79 1097 173 1126 rem
197 1087 412 1138 opertam,
441 1081 577 1124 hanc:
607 1080 901 1136 inteyritatem
927 1082 1021 1123 Deo
1042 1081 1272 1136 probatam
1299 1083 1555 1140 (sempiter-

82 1153 165 1181 nae
183 1139 409 1181 beatitatis
429 1139 592 1180 fontem
608 1137 737 1180 Rom.
757 1137 900 1195 5,21.)
919 1136 1038 1194 fide
1054 1138 1315 1192 comparari.
1354 1139 1554 1183 Δικαιο-

81 1193 188 1252 σύνη
206 1197 320 1238 θεοῦ
336 1195 379 1239 h.
400 1196 431 1238 l.
452 1208 592 1250 neque
604 1192 789 1248 justitia
805 1195 893 1236 Dec·
913 1193 1155 1250 [Oriyenes]
1169 1227 1181 1246 ‚
1211 1208 1354 1250 neque
1372 1195 1462 1238 Dea·
1482 1197 1554 1239 be-

78 1252 268 1307 niqne‘tas
294 1252 544 1307 maldam„
582 1249 846 1305 Selaeoettyen.
873 1251 951 1305 al.]
983 1255 1075 1304 est,
1144 1266 1245 1292 uum
1275 1255 1434 1294 neutra
1461 1252 1555 1296 Dei

77 1310 219 1350 virtus
238 1309 293 1350 ab
313 1308 532 1350 hominum
554 1305 639 1348 fide
658 1307 988 1363 proficiscatur,
1018 1307 1099 1349 sed
1118 1308 1122 1310 ’
1166 1323 1243 1350 eus
1261 1312 1306 1350 et
1315 1308 1470 1368 justus
1492 1311 1554 1353 sit

76 1369 123 1407 et
152 1365 391 1421 benignus,
435 1366 528 1407 sive
557 1363 756 1405 homines
786 1362 966 1407 Christo
992 1364 1120 1406 fidem
1151 1364 1415 1423 adjungant,
1457 1368 1554 1410 sive

78 1421 315 1476 denegent.
349 1464 351 1467 ,
383 1420 478 1463 Imo
518 1421 669 1478 posuit
706 1418 760 1463 P.
805 1420 1091 1476 δικαιοσύνην
1116 1423 1230 1463 θεοῦ
1260 1422 1303 1465 1ι.
1341 1422 1375 1466 l.
1417 1437 1552 1467 sensu

74 1477 323 1533 dogmatico
352 1493 390 1520 5.
417 1476 628 1528 τεοΙηιίσο,
669 1490 754 1531 quo
783 1475 1006 1532 Theologi
1025 1476 1355 1533 justificationis
1380 1492 1476 1524 voc.
1504 1481 1552 1524 in

74 1534 240 1576 scholis
268 1548 376 1576 usur
408 1537 499 1576 ant.
555 1531 629 1573 De
657 1546 740 1587 quo
768 1535 935 1593 tantum
966 1535 1010 1577 h.
1037 1535 1070 1577 l.
1097 1534 1300 1587 afferam,
1339 1541 1552 1591 quantum

72 1590 129 1633 ad
145 1596 265 1633 recte
284 1591 376 1633 inte
399 1587 600 1645 ligendas
611 1587 664 1632 P.
687 1588 903 1645 epistolas
923 1590 1034 1631 satis
1046 1605 1146 1632 esse
1161 1591 1395 1635 videbitur.
1432 1592 1477 1635 N
1481 1589 1551 1637 am

70 1646 270 1691 diversas
290 1649 581 1705 interpretum
600 1645 844 1688 sententias
861 1661 1124 1704 percensere
1145 1647 1218 1689 hic
1249 1647 1425 1703 quidem
1450 1650 1550 1692 infi-

71 1705 210 1747 nitum
229 1709 311 1749 est.
368 1702 478 1747 Cum
495 1703 643 1745 fructu
661 1700 714 1744 de
743 1703 794 1745 ea
823 1718 873 1745 re
901 1704 1101 1746 conferas
1129 1703 1245 1748 doct.
1269 1705 1432 1747 Usterii
1454 1709 1550 1754 &mg

70 1762 277 1818 micfelung
307 1765 376 1807 bes
404 1762 527 1817 vuol.
557 1761 768 1816 tebtbegt„
783 1774 829 1817 p.
850 1760 922 1805 86.
944 1775 1014 1817 sq.
1042 1760 1113 1805 ed.
1131 1761 1175 1805 4.
1206 1766 1250 1803 et
1271 1760 1321 1805 S.
1341 1761 1404 1807 V.
1430 1761 1548 1806 Win-

67 1819 164 1861 zere'
183 1816 343 1874 Progr.
362 1818 415 1860 de
430 1830 540 1860 voec.
567 1815 813 1866 δίκαιος,
853 1815 1183 1874 δικαιοσύνη
1212 1823 1256 1861 et
1282 1819 1547 1877 δικαιρῦν

65 1876 114 1918 in
132 1874 183 1919 P.
204 1876 262 1918 ad
278 1875 405 1918 Rom.
425 1888 492 1929 ep.
514 1872 642 1928 Lips.
667 1871 796 1916 1831.
828 1873 892 1917 4..
948 1873 1110 1918 Judaei
1137 1875 1219 1917 hoc
1247 1879 1421 1932 paetum
1447 1891 1546 1920 cum

65 1930 264 1976 Jehovah
282 1932 498 1983 inierant,
525 1934 575 1971 ut
594 1943 725 1986 quum
747 1929 842 1989 ejus
861 1931 1040 1985 legibus
1066 1946 1147 1990 per
1165 1932 1321 1974 Mosen
1348 1935 1548 1990 promul-

64 1987 220 2044 gandis
240 1993 446 2046 parerent
464 2000 635 2029 summo
654 2001 702 2028 se
721 1985 849 2028 Deus
866 1988 1019 2031 favore
1038 1989 1380 2046 amplecteretur
1397 1990 1543 2036 Exod.

63 2046 134 2099 19,
143 2045 188 2089 4.
208 2060 294 2102 sq..
354 2043 505 2100 Quare
524 2042 719 2088 Judaeus
738 2045 814 2099 qui
832 2043 995 2088 divinis
1021 2047 1198 2101 legibus
1226 2046 1426 2089 obediret
1449 2053 1544 2091 tum

60 2104 225 2157 &meyer
240 2104 369 2158 [52⁹qu
390 2105 487 2144 erat
506 2104 550 2143 et
567 2100 638 2142 cui
657 2099 786 2142 Deus
804 2101 917 2143 nihil
936 2102 1110 2145 crimini
1128 2103 1236 2145 dare
1253 2108 1405 2160 posset
1422 2107 1543 2160 (nam

59 2157 107 2200 in
130 2164 259 2214 pacto
290 2159 557 2213 manserat),
593 2162 686 2199 tum
713 2157 845 2210 talis,
883 2159 957 2201 cui
985 2160 1150 2217 optima
1177 2174 1377 2216 quaeque
1399 2161 1544 2204 aDeo

55 2213 160 2273 jure
177 2212 436 2273 exspectare
455 2215 613 2258 liceret
635 2212 800 2272 [Levit.
823 2214 892 2268 18,
903 2215 946 2259 5.
972 2215 1050 2261 Ps.
1071 2217 1138 2270 18,
1151 2217 1224 2260 21.
1251 2232 1321 2273 sq.
1348 2216 1476 2262 Rom.
1494 2218 1541 2273 4,

58 2271 105 2314 4.
128 2271 196 2324 10,
207 2271 249 2315 5.
271 2271 375 2317 Gal.
395 2273 559 2326 3,12.].
614 2269 732 2313 Nam
750 2285 832 2327 per
861 2271 1019 2315 foedus
1044 2288 1140 2315 cum
1161 2273 1346 2317 Judaeis
1375 2274 1539 2318 factum

56 2341 144 2370 :non
162 2333 336 2384 poterat
354 2344 439 2372 uon
455 2329 513 2371 iis
537 2326 722 2372 Judaeis
741 2327 871 2370 Deus
891 2330 1063 2383 favere,
1100 2330 1175 2386 qui
1194 2345 1300 2372 suae
1320 2331 1539 2374 voluntati

56 2384 201 2426 obtem
236 2391 432 2437 erarent3
461 2384 579 2442 quod
598 2386 741 2427 sinon
759 2385 944 2427 fecisset
960 2386 1119 2430 foedus
1148 2387 1360 2443 rupisset.
1419 2388 1537 2431 con-

48 2441 166 2490 „ditio
193 2398 376 2494 fudaei,
422 2444 498 2498 qui
534 2455 582 2483 se
612 2440 669 2483 ad
695 2441 787 2484 Dei
814 2442 939 2497 leges
965 2443 1287 2500 composuisset
1310 2450 1445 2500 atque
1472 2447 1537 2489 ita

53 2497 276 2540 uberrima
305 2497 394 2539 Dei
429 2498 626 2555 praemia
660 2497 899 2541 meruisset
933 2500 1177 2542 vocabatur
1206 2496 1230 2557 ἦ
1258 2498 1533 2558 δικαιοσύνη,

53 2568 133 2611 ῖηξ
162 2552 239 2598 Ρ5.
268 2554 334 2607 18,
347 2553 444 2608 25.‚
484 2555 728 2610 inteqritas.
794 2553 921 2610 Quae
952 2570 1083 2612 quum
1123 2556 1393 2600 observanda
1431 2559 1532 2613 lege

52 2610 218 2664 divina,
243 2610 273 2655 i.
293 2625 332 2655 e.
358 2610 564 2663 mosaica,
594 2615 834 2667 pararetur
854 2607 879 2667 ἦ
901 2611 1157 2668 δικαιοσύνη
1178 2611 1203 2669 ἡ
1225 2612 1274 2656 ἐκ
1291 2616 1372 2656 τοῦ
1389 2613 1530 2667 νόμου

49 2668 300 2723 inteyre'tas‚
329 2682 438 2724 (luae
453 2681 512 2708 ex
528 2668 740 2709 servanda
759 2667 848 2722 Ieye
865 2682 970 2712 mos,
990 2670 1186 2712 nascitur
1203 2674 1247 2712 et
1265 2671 1525 2728 δικαιοσύνη

48 2717 78 2780 ἢ
99 2722 142 2766 ἒν
161 2720 281 2778 νόμῳ
301 2723 550 2778 amyntas,
588 2736 696 2778 qaae
714 2722 798 2775 qui
821 2737 925 2766 mos.
959 2738 1130 2768 morem·
1142 2727 1325 2780 yerendo
1353 2741 1522 2781 compa»-

46 2785 175 2837 ratm·
203 2794 227 2821 a
252 2779 390 2822 Paulo
418 2778 547 2824 Rom.
569 2777 690 2830 10‚5.
718 2777 838 2823 Phil.
864 2779 906 2832 3,
917 2781 959 2824 6.
988 2783 1212 2840 appellata
1244 2788 1328 2826 est.
1388 2784 1524 2826 Brevi

46 2835 312 2892 praecidam.
379 2835 596 2894 Quoniam
623 2835 801 2891 relligio
831 2850 941 2884 mos.
971 2837 1052 2881 1110
1079 2853 1177 2883 cum
1205 2839 1404 2885 Jehovah
1436 2840 1522 2882 icto
