1752 3347
193 96 280 141 380
474 89 850 135 EPISTOLA
880 91 984 134 AD
1011 90 1374 136 ROMANOS

193 203 246 253 7,
270 198 340 242 18.
389 197 492 242 Gal.
511 197 562 251 5,
589 196 919 253 24.=impuram
956 200 1168 250 mentem,
1216 196 1655 252 fittlicbzoermerflitbet

194 258 312 303 &inu
329 253 525 310 (Reich.)
542 255 613 297 vel
632 254 673 297 ei
693 258 844 312 pateat
871 267 1051 297 necesse
1080 259 1173 305 est,
1211 254 1286 311 qui
1307 254 1434 298 Rom.
1453 255 1495 306 7,
1513 252 1586 297 23.
1612 253 1659 307 8,

193 312 265 357 13.
294 311 391 355 Col.
409 310 452 364 2,
474 312 544 354 11.
573 311 616 364 3,
636 311 679 353 5.
699 314 900 353 accurate
921 309 1194 377 expenderit.
1261 310 1490 354 Differunt
1511 315 1656 352 tamen

188 367 241 411 τὸ
261 368 389 422 σῶμα
418 374 463 410 et
488 363 514 422 ἡ
535 366 650 423 σάρξ
673 368 719 410 in
744 367 800 409 iis
827 381 940 424 quae
957 367 1091 409 citavi
1109 367 1236 412 locis.
1293 366 1409 411 Nam
1429 365 1541 410 illud
1562 380 1655 410 voc.

189 439 352 482 corpus
377 424 643 482 simpliciter
670 429 794 466 notat
820 438 962 482 neque
992 424 1126 466 ullam
1156 424 1376 467 notionem
1404 423 1654 483 adjunctam

188 481 337 526 habet.
411 480 500 524 Sed
528 478 554 537 ἡ
584 476 718 536 σάρξ,
749 495 880 538 quum
903 485 1042 523 totum
1064 481 1209 525 carnis
1233 496 1327 525 voc.
1347 479 1562 541 ejusmodi
1581 479 1657 534 sit,

190 543 241 581 ut
259 542 439 581 nostrae
461 552 542 580 nos
557 537 829 580 infirmitatis
847 537 1193 594 fragilitatisque
1212 538 1490 581 vehementer
1505 535 1668 578 admo-·

191 599 295 638 neat
312 595 390 649 (cf.
412 595 537 638 hebr.
555 597 689 653 naga),
728 595 824 637 illis
852 596 898 638 in
916 596 950 638 l.
971 594 1268 652 insipientiam
1288 595 1402 649 (Cic.
1423 593 1533 638 Cato
1551 592 1656 651 maj.

187 652 267 706 22,
289 652 362 696 80.
391 666 552 710 corpus
584 652 820 708 insipiens)
851 657 896 695 et
922 652 1243 710 proclivitatem
1280 651 1337 695 ad
1368 651 1581 694 libidines
1612 643 1666 692 et.

163 717 321 767 ‘prava
340 708 486 750 studia
505 706 799 764 adsignificat.
867 707 998 752 Unde
1020 707 1071 753 P.
1094 708 1303 774 corporis-
1313 709 1577 766 pronitatem
1601 706 1668 752 ad.

187 765 354 820 flagitia
376 764 472 809 Col.
491 765 533 819 2,
558 768 624 809 ll.
655 781 706 809 eo
739 765 972 820 indicavit,
1011 764 1128 823 quod
1155 764 1206 807 τὸ
1238 780 1366 817 σωμα
1385 767 1465 821 τῆς
1490 760 1657 818 σαρκός

189 836 345 876 corpus
378 822 488 879 quod
512 837 535 864 e
563 822 846 877 (libidinosa)
882 837 1010 866 carne
1046 826 1214 864 constat
1252 820 1364 863 illud
1397 820 1654 878 appellavit.

186 879 328 923 Alius
348 878 523 934 generis
543 882 614 921 est
632 880 728 924 Col.
746 881 787 932 1,
800 881 890 924 22..
950 878 1022 920 lbi
1044 878 1158 920 enim
1183 873 1207 934 ἡ
1225 875 1338 933 σάρξ
1358 891 1532 920 carnem
1549 877 1654 919 sim-

185 935 388 994 pliciter,
422 950 562 992 neque
590 941 639 979 ut
664 936 892 978 libidinem
920 935 1106 977 aliamve
1128 948 1220 976 rem
1239 934 1542 988 adsignificat,
1579 932 1655 976 de-

185 993 328 1035 clarat
345 992 471 1048 (Gal.
489 995 532 1045 6,
555 992 625 1038 13.
654 992 752 1038 Col.
772 993 814 1047 2,
826 993 975 1047 5.al.).
1033 989 1147 1033 Nem
1183 1006 1205 1032 e
1224 990 1275 1033 τὸ
1293 992 1420 1044 σῶμα
1441 992 1520 1046 τῆς
1538 1006 1656 1044 σαρ-

185 1049 263 1100 κὸς
279 1051 359 1091 τοῦ
381 1050 584 1107 Χριστοῦ
597 1053 656 1114 .(e
685 1065 815 1092 carne
838 1048 1126 1106 compositum
1148 1006 1319 1091 Christi
1346 1050 1527 1105 corpus)
1554 1062 1653 1089 cor-

185 1121 269 1164 pus
298 1106 468 1150 Christi
491 1106 712 1153 hommum
739 1105 1001 1164 corporibus
1029 1120 1053 1148 e
1082 1119 1212 1147 carne
1239 1105 1439 1147 conflatis
1469 1105 1661 1162 aequale.

183 1163 441 1219 (humanum
454 1162 623 1206 Christi
644 1165 825 1222 corpus)
846 1164 979 1206 valet.
1036 1162 1094 1204 Et
1113 1161 1473 1219 quemadmodum
1496 1162 1655 1205 Graeci

181 1225 322 1263 totum
338 1221 555 1263 hominem
581 1222 662 1263 τοῦ
688 1218 892 1274 σώματος
921 1219 1131 1262 vocabulo
1157 1225 1485 1276 nuncuparunt,
1524 1220 1584 1261 ita
1608 1219 1666 1261 in·
1723 1222 1729 1265 s

182 1275 246 1321 N.
267 1277 326 1321 T.
351 1274 465 1334 σάρξ
483 1282 527 1319 et
545 1276 667 1333 ψυχή
689 1277 818 1321 Rom.
833 1278 901 1330 13,
925 1278 966 1321 l.
986 1276 1039 1319 de
1059 1276 1233 1318 homine
1253 1277 1510 1321 collocatur.
1549 1275 1655 1318 Huic
1732 1301 1733 1306 =

213 1335 374 1376 ertiuet
394 1336 418 1375 l
441 1333 543 1378 Cor.
567 1336 690 1386 1‚26.
710 1336 847 1390 σοφοὶ
875 1332 987 1375 κατὰ
1011 1330 1152 1389 σάρκα
1174 1333 1202 1376 i.
1224 1348 1263 1377 e.
1286 1329 1374 1376 κατ’
1396 1326 1653 1389 ἅνθρωποι».

179 1348 336 1435 {Con
363 1392 403 1443 1,
425 1392 492 1434 12.
522 1390 664 1447 σοφία
683 1387 870 1447 σαρκική
900 1390 1086 1434 Immamc
1105 1389 1340 1446 sapientia.
1397 1388 1492 1433 Jac.
1513 1390 1555 1441 3,
1584 1391 1651 1433 15.

181 1447 324 1504 σοφία
344 1443 511 1503 ψυχική
530 1448 734 1491 animalis
756 1449 787 1492 i.
809 1462 848 1495 e.
870 1447 1054 1490 humana
1077 1461 1114 1490 s.
1137 1449 1161 1488 l
1185 1447 1287 1491 Cor.
1307 1447 1349 1499 2,
1371 1448 1440 1490 14.
1463 1446 1660 1500 ψυχικὸς

180 1497 424 1559 ἅνθρωπος
450 1504 579 1570 homo
605 1507 660 1573 ’ξῇ
687 1505 809 1561 ψυχῇ
839 1504 1068 1562 praeditus
1098 1503 1131 1547 i.
1153 1519 1190 1547 e.
1208 1518 1341 1558 purus
1361 1509 1492 1558 putus
1512 1504 1663 1548 homo..

179 1560 436 1618 Opponitur
461 1575 576 1603 enim
608 1578 632 1603 ο
659 1560 955 1613 πνευματικός
975 1561 1124 1611 homo,
1164 1561 1240 1616 qui
1262 1557 1349 1603 div.
1370 1560 1557 1617 spiritus
1578 1575 1651 1602 ro-

177 1617 264 1660 bur
280 1622 325 1659 et
348 1617 668 1660 firmamentum
699 1617 847 1662 babet.
922 1618 1068 1672 Quum
1098 1617 1238 1672 igitur
1256 1631 1415 1674 corpus
1443 1616 1651 1675 peccandi

175 1673 406 1717 libidinem
426 1674 589 1727 irritet,
616 1689 737 1718 mens
758 1675 801 1716 in
821 1674 1013 1716 officium
1037 1674 1204 1715 intenta
1227 1675 1302 1726 sit,
1330 1674 1427 1716 lieri
1448 1688 1532 1716 non
1552 1679 1651 1731 pot-

175 1735 246 1774 est
263 1731 368 1788 quin
390 1731 499 1772 mire
521 1729 836 1774 distrahamur.
913 1730 1028 1773 Nam
1050 1731 1255 1788 pietatem
1287 1745 1408 1772 mens
1433 1745 1649 1772 commen-

175 1787 277 1840 dat,
329 1786 386 1829 ad
425 1787 695 1844 impietatem
731 1801 814 1829 nos
852 1801 1012 1843 corpus
1045 1793 1197 1828 avocat
1225 1787 1355 1829 Rom.
1385 1788 1434 1839 7,
1464 1787 1536 1830 22.
1558 1787 1732 1831 23...

173 1844 476 1901 Quamquam,
524 1857 656 1900 quum
700 1858 823 1884 mens
851 1843 1101 1884 arctissimo
1128 1843 1302 1884 vinculo
1331 1857 1425 1884 cum
1465 1858 1650 1900 corpore

171 1902 374 1958 copulata
396 1900 479 1952 sit,
516 1900 717 1956 corporis
744 1899 958 1941 admixtio
982 1905 1165 1967 mentem
1186 1913 1360 1956 quoque
1388 1899 1433 1964 in
1453 1899 1652 1942 fraudem
1730 1926 1735 1932 ·

175 1958 346 2001 inducit.
367 1956 486 2014 (col.
504 1957 547 2010 2,
571 1959 640 2001 18.
664 1971 784 1998 mens
814 1961 994 1998 vocatur
1024 1972 1048 1997 ο
1074 1957 1173 2005 νηῒς
1193 1971 1272 2011 τῆς
1293 1970 1455 2011 σαρκος
1471 1958 1551 1998 τοῦ
1570 1954 1650 1998 ἀν-

173 2014 369 2069 θρώπου
391 2028 513 2056 mens
534 2028 693 2071 pravae
722 2013 912 2055 hominis
939 2012 1060 2055 carni
1089 2010 1344 2055 deserviens
1365 2027 1505 2069 eoque
1526 2012 1650 2056 dete-

173 2071 369 2115 rioribus
399 2071 646 2123 inclinata).
711 2070 809 2114 Jam
841 2085 927 2126 quo
954 2069 1132 2112 facilius
1159 2084 1318 2127 pravos
1349 2083 1459 2125 quos
1488 2084 1650 2127 corpus
1718 2087 1722 2090 ’

172 2133 319 2172 movet
339 2128 565 2186 appetitus
591 2127 750 2170 mentis
778 2127 1107 2183 voluntatisque
1132 2130 1173 2168 vi
1194 2126 1493 2180 deumremus,
1533 2142 1649 2169 nunc

171 2185 300 2229 nobis
317 2185 442 2228 Deus
467 2185 634 2228 Christi
668 2184 878 2227 beneficia
906 2183 993 2227 div.
1019 2183 1223 2240 spiritum
1254 2183 1520 2240 impertivit,
1571 2185 1646 2241 qui

170 2244 372 2300 corporis
391 2242 600 2284 libidines
618 2243 880 2298 reprimeret
899 2246 943 2283 et
966 2240 1145 2282 virtutis
1174 2240 1367 2282 studium
1391 2239 1652 2284 accenderet
1709 2247 1714 2256 '

174 2301 199 2342 1
222 2300 324 2344 Cor.
345 2301 387 2353 6,
410 2301 478 2343 19.
511 2299 612 2343 Gal.
632 2300 674 2352 5,
695 2300 768 2342 22.
796 2298 891 2340 Tit.
911 2298 962 2349 3,
983 2297 1052 2347 5.,
1089 2297 1191 2338 olim
1222 2299 1350 2351 longe
1382 2299 1650 2355 persei-tiore
1717 2323 1724 2332 ·

172 2363 218 2399 et
248 2355 366 2414 quod
386 2356 556 2400 Christi
582 2355 636 2398 ad
664 2355 809 2398 Deum
839 2355 1005 2411 recepti
1033 2354 1209 2412 corpori
1239 2354 1522 2412 respondebit
1551 2370 1648 2398 cor-

173 2428 280 2471 pore
306 2429 384 2456 nos
407 2412 693 2456 circumdabit
725 2415 745 2454 l
770 2413 961 2461 Cor.15‚
979 2411 1038 2453 45
1059 2427 1158 2468 sqq.
1192 2410 1310 2454 Phil.
1331 2412 1373 2463 3,
1390 2412 1480 2456 21..
1547 2411 1646 2457 Jam

173 2477 372 2513 nostrum
401 2477 490 2523 est,
529 2469 617 2513 div.
644 2469 831 2527 spiritus
857 2468 1110 2527 adjumento
1141 2468 1370 2523 relligiose
1402 2469 1472 2511 usi
1502 2469 1647 2512 facere
1696 2474 1698 2476 ’
1727 2487 1731 2496 ·

173 2533 224 2570 ut
251 2528 451 2584 corporis
483 2527 707 2584 appetitus
735 2527 866 2568 menti
895 2526 1170 2581 consilioque
1199 2525 1406 2567 obediant
1425 2541 1648 2584 quumque

171 2591 429 2642 perpetuum
451 2581 656 2640 intel·11}r
679 2581 834 2639 σάρκα,
855 2598 966 2639 quae
989 2582 1241 2639 improbaet
1263 2582 1643 2639 pestifer-'iblande

173 2641 381 2694 suadeat,
417 2647 462 2682 et
492 2640 539 2683 ιι)
562 2642 768 2693 Πνεῦμα,
808 2639 921 2697 quod
940 2639 1122 2681 honesta
1149 2646 1192 2681 et
1215 2640 1427 2681 salutaria
1448 2640 1643 2692 graviter

173 2698 380 2756 imperet,
418 2699 580 2739 bellum
604 2704 806 2749 geratur,
845 2697 1048 2753 spiritum
1074 2711 1110 2740 s.
1133 2695 1284 2738 ducem
1306 2697 1433 2753 sequi
1454 2696 1581 2739 Rom.
1599 2697 1641 2745 8,

174 2755 364 2800 4.-14.
405 2755 506 2798 (iai,
529 2756 568 2801 5,
596 2757 661 2798 10.
685 2769 802 2811 sqq..
878 2752 1006 2809 Quod
1037 2754 1110 2810 qui
1137 2753 1302 2796 faciunt
1332 2755 1442 2795 zan}
1470 2753 1639 2804 πνεῖ-μα

1723 0 1752 1612 ἐ

1740 1641 1752 1725 1³
