1752 3347
183 139 266 197 152
459 136 831 180 El’lSTOLA
873 135 972 176 ΑΙ)
1005 133 1367 177 ROMANOS

181 246 256 289 hoc
275 248 361 297 est,
389 244 495 303 quod
525 243 576 285 iis
598 241 686 284 Dei
715 239 892 283 oracula
924 239 1167 281 concredita
1196 242 1314 281 mnf.
1380 239 1511 282 Nune
1543 253 1647 298 sup-

183 300 414 359 plendum:
443 299 497 341 τὰ
519 299 575 340 ὁὲ-
596 296 734 338 amne}
757 290 1045 349 σιωπήσομαι
1068 300 1209 338 cetera
1228 307 1373 337 eorum
1389 296 1543 339 decora
1565 311 1648 339 non

185 364 376 413 iccuqdm.
445 356 513 399 Cf.
553 353 694 396 Hebr.
731 353 856 403 6,16.
894 355 937 392 et
966 350 1191 393 Matthiae
1231 353 1339 403 aussf.
1377 364 1435 407 gt.
1471 352 1550 398 (δι’.
1580 352 1650 404 11,

186 405 299 456 1263
320 429 406 469 sq..
462 411 559 453 Hoc
578 414 704 467 paeto
723 406 776 451 P.
800 407 886 450 sibi
908 408 1016 449 satis
1049 423 1146 450 esse
1170 408 1437 464 potissimum
1461 406 1650 452 Judaeu-

184 485 281 513 rum
316 471 447 512 decus
485 479 845 517 commemorare,
887 468 1030 506 cetera
1071 479 1220 506 eorum
1249 463 1353 523 jura
1389 463 1566 506 silentio
1602 480 1652 508 se

186 527 378 570 transire
400 524 604 566 affirmat.
663 521 837 564 Deinde
867 523 1046 576 πρῶτον
1076 521 1129 563 de
1160 523 1299 579 primo
1332 521 1556 579 explicare
1585 526 1653 563 at-

188 599 272 640 que
312 583 370 622 ita
411 585 608 622 statuere
645 579 773 632 licet,
819 580 912 635 Ap.
946 578 1072 634 plura
1105 577 1371 623 Iudaeorum
1402 582 1654 620 ornamenta

186 641 540 681 enumeraturum
562 636 784 691 πρῶτον
802 635 900 688 μὲν
920 634 1039 689 [γὰρ]
1068 633 1138 677 ὅτι
1159 660 1228 678 -.
1278 635 1538 692 scripsisse,
1576 633 1656 677 sed

188 710 319 752 quum
361 708 441 751 per
473 708 523 735 ea
557 706 667 749 quae
696 707 736 736 v.
763 692 805 735 3.
832 691 1022 734 dixisset
1050 691 1106 733 ad
1136 692 1222 734 alia
1255 691 1489 758 perductus
1519 696 1656 742 esset,

188 752 350 794 sensim
364 765 412 792 ac
424 750 654 808 paullatim
677 749 774 808 ejus
794 749 982 790 animum
1007 747 1656 809 inchoataejudaieorumdeco-

189 823 285 852 rum
320 807 661 850 enumerationis
694 806 956 848 oblivionem
989 806 1184 863 cepisse,
1225 814 1271 849 ut
1302 805 1537 848 membrum
1569 819 1656 847 non

191 864 427 922 adjiceret,
477 862 595 920 quod
621 860 822 904 ἔπειτα
844 860 924 910 δέ,
969 870 1044 905 aut
1074 863 1242 904 similes
1273 878 1399 905 voces
1426 861 1658 905 ducerent:

190 915 385 965 Multum
403 926 465 963 est
485 920 660 963 Judueis
684 921 948 972 ornamenti,
980 921 1022 960 in
1053 920 1166 961 omni
1188 934 1356 974 genere.
1418 919 1659 960 Primum

189 978 349 1036 (enim)
369 978 447 1020 leve
469 981 557 1030 est,
597 974 714 1032 quod
738 1001 806 1019 ——.
865 974 993 1017 Hanc
1025 976 1364 1032 explicationem
1394 975 1519 1032 prius
1547 974 1660 1016 alla-

189 1042 261 1078 tae
301 1034 527 1092 praefero,
574 1038 666 1074 tum
697 1031 813 1087 quod
846 1032 888 1072 in
920 1032 1132 1073 fervidum
1165 1031 1214 1075 P.
1250 1032 1469 1087 ingenium
1500 1031 1662 1089 optime

191 1092 392 1134 convenit
411 1091 489 1146 (cf.
514 1094 604 1132 not.
626 1088 680 1130 ad
704 1090 832 1142 1‚8.),
863 1094 952 1129 tum
976 1089 1178 1144 quoniam
1198 1089 1240 1132 h.
1264 1092 1294 1132 l.
1320 1090 1362 1131 in
1384 1096 1558 1146 promtu
1578 1093 1663 1141 est,

189 1148 298 1215 quid
324 1148 374 1191 Ρ.
396 1148 585 1189 animum
605 1146 684 1186 abs
706 1160 753 1187 re
775 1146 1091 1200 quummaxime
1113 1145 1277 1201 agenda
1299 1146 1508 1189 avocarit.
1567 1144 1664 1187 Sei-

189 1207 296 1248 licet
314 1209 357 1247 et
377 1205 457 1246 hoc
478 1219 574 1245 eum
597 1202 778 1254 avertit,
807 1201 922 1257 quod
942 1203 1061 1244 cerni
1091 1202 1133 1243 in
1163 1202 1427 1245 concreditis
1447 1201 1536 1244 Dei
1565 1215 1664 1243 ora-

193 1262 307 1304 culis
329 1259 508 1317 aliquod
533 1258 798 1303 Judaeorum
823 1257 955 1300 decus
977 1258 1292 1302 ostendendum
1314 1260 1399 1302 sibi
1425 1274 1525 1302 esse
1553 1257 1665 1301 vidit

193 1322 257 1375 (v.
277 1319 318 1362 3.
339 1319 408 1372 4.)
426 1323 468 1358 et
489 1316 628 1370 magis
655 1316 787 1357 etiam
803 1349 814 1369 ‚
855 1316 1086 1372 quominus
1118 1332 1242 1359 suum
1274 1317 1504 1360 consilium
1538 1330 1667 1358 exse-

194 1380 428 1432 queretur,
460 1374 538 1414 hoc
560 1373 601 1414 ei
625 1372 822 1426 obstitit,
862 1373 978 1428 quod
1010 1388 1032 1415 e
1067 1375 1285 1417 sententia
1314 1389 1355 1418 v,
1381 1374 1427 1417 4.
1455 1373 1666 1432 objectio-

193 1447 290 1474 nem
310 1431 431 1473 nasci
452 1429 784 1482 animadvertit,
817 1443 928 1485 quae
952 1437 1154 1473 accurate
1178 1431 1382 1473 diluenda
1417 1445 1514 1473 esse
1545 1428 1667 1472 vide-

194 1494 318 1531 retur
337 1490 399 1544 (v.
424 1487 451 1528 5
471 1512 523 1518 —
542 1488 625 1541 9.).
691 1486 896 1530 Ceterum
927 1486 977 1531 P.
1009 1488 1097 1528 alio
1125 1489 1183 1541 L,
1223 1489 1337 1530 infra
1367 1487 1464 1540 9‚4.
1492 1485 1535 1529 5.
1585 1485 1665 1530 Ju-

195 1545 403 1588 daeorum
428 1546 680 1585 ornamenta
713 1548 927 1586 recenset.
996 1541 1063 1585 ὅτι
1096 1542 1427 1600 ἐπιστεύθησαν
1455 1542 1509 1584 τὰ
1539 1539 1667 1597 λόγια

195 1618 234 1645 τ.
256 1605 324 1656 3.]
365 1601 462 1643 scil.
494 1597 535 1641 οὶ
553 1597 759 1641 Ἰουδαῖοι
788 1600 895 1665 qnod
916 1599 1091 1641 Judaeis
1111 1601 1196 1642 Dei
1221 1601 1397 1643 (tt-acula
1424 1599 1669 1642 com-redita

196 1663 312 1701 sunt.
368 1656 486 1698 Vide
507 1655 560 1697 de
582 1656 660 1697 hac
682 1655 802 1697 verbi
825 1657 1047 1698 structura
1073 1657 1113 1698 in
1133 1658 1291 1712 vulgus
1316 1658 1419 1700 nota
1455 1659 1479 1698 1
1503 1656 1605 1700 Cor.
1624 1657 1669 1708 9,

198 1717 270 1759 17.
291 1714 392 1757 Gal.
413 1714 455 1764 2,
465 1715 508 1756 7.
529 1711 774 1755 Herodian.
794 1715 834 1765 7,
846 1714 887 1766 3,
898 1713 940 1757 3.
964 1711 1199 1764 πλείστους
1218 1718 1318 1768 γοῦν
1339 1715 1424 1755 τῶν
1455 1710 1565 1769 ἔθνη
1595 1714 1673 1754 καὶ

199 1768 483 1827 στρατόπεδα
523 1769 882 1821 πεπιστευμένων
911 1796 955 1801 —-
993 1795 1047 1801 -—
1077 1769 1123 1812 ἐκ
1157 1773 1320 1826 μικρᾶς
1356 1773 1430 1813 καί
1467 1766 1672 1818 εὐτελοῦς

201 1827 415 1882 διαβολῆς
436 1822 746 1878 ἀναρπάστους
767 1824 927 1869 ἐποίει.
997 1827 1142 1870 n'etst.
1167 1832 1209 1870 et
1232 1827 1389 1871 Krebs.
1412 1826 1466 1869 ad
1494 1840 1535 1869 n.
1567 1826 1599 1869 l.
1626 1829 1672 1866 et

210 1885 318 1927 Win.
338 1898 405 1936 gr.
427 1897 470 1939 p.
491 1883 608 1926 213..
663 1882 886 1924 Numerus
907 1884 1096 1940 pluralis
1119 1882 1449 1939 ἐπιστεύθησαν
1469 1882 1578 1925 bene
1602 1896 1673 1923 re-

200 1941 343 1983 fertur
372 1938 427 1980 ad
456 1954 497 1982 v.
533 1941 599 1992 1.‚
638 1939 712 1980 ubi
745 1936 767 1981 ὁ
791 1938 1000 1990 Ἰουδαῖος
1026 1942 1067 1982 vi
1094 1941 1323 1982 collectiva
1354 1939 1465 1983 idem
1492 1940 1673 1997 polleat,

141 2040 145 2053 -.
204 1996 318 2054 quod
340 1994 378 2038 οἳ
399 1993 630 2044 Ἰσυὸαἶοι,
669 2010 754 2052 quo
783 1995 908 2039 modo
931 1996 1173 2039 Romanum
1203 2012 1282 2055 pro
1304 1995 1515 2039 Romanis
1542 2009 1674 2053 saepe

203 2055 328 2112 ponit
356 2053 535 2104 Livius,
577 2066 616 2095 ν.
646 2067 683 2096 c.
711 2054 883 2105 27‚16..
963 2054 1108 2109 Quum
1140 2052 1193 2095 τὰ
1220 2051 1348 2109 λόγια
1379 2056 1458 2094 τοῦ
1489 2055 1600 2095 θεοῦ
1629 2053 1674 2094 in

205 2111 454 2153 universum
480 2110 568 2150 sint
590 2110 675 2151 Dei
693 2110 867 2152 oracula
897 2111 939 2154 h.
970 2126 1007 2154 o.
1038 2111 1152 2153 dicta
1184 2126 1205 2152 a
1230 2110 1325 2152 Deo
1357 2111 1575 2168 profecta,
1606 2115 1673 2151 ta-

205 2169 264 2210 lia
289 2173 432 2208 autem
463 2167 636 2207 oracula
667 2170 711 2207 et
744 2166 787 2207 in
816 2167 913 2222 lege
944 2182 1052 2211 mos.
1082 2169 1190 2211 Act.
1220 2168 1344 2215 238.
1376 2174 1418 2209 et
1444 2168 1487 2208 in
1516 2166 1676 2208 ceteris

209 2225 270 2268 V.
294 2223 352 2268 T.
372 2223 501 2265 libris
521 2223 764 2280 perscripta
785 2224 889 2275 sint,
919 2230 1103 2282 possunt
1124 2239 1228 2266 sane
1250 2225 1326 2266 illa
1348 2239 1388 2268 v.
1410 2239 1489 2281 per
1507 2239 1554 2265 se
1576 2237 1677 2280 spe-

208 2286 323 2323 otata
355 2286 400 2322 et
427 2285 559 2334 leqem
586 2295 691 2323 mos,
719 2280 800 2336 (ita
831 2281 1002 2334 Ulaya,
1052 2281 1325 2334 Theodorei„
1365 2281 1491 2324 Beza
1521 2281 1604 2333 al.)
1632 2284 1679 2322 et

209 2339 398 2380 divinam
439 2337 674 2379 doctrinam
714 2340 755 2378 in
794 2336 843 2381 V.
876 2338 927 2381 T.
966 2339 1085 2381 libris
1125 2339 1369 2392 expositam
1411 2338 1497 2393 (sic
1535 2335 1679 2393 Wolf„

209 2395 392 2443 fleam..
425 2392 582 2436 Morus
601 2394 683 2449 al.)
706 2392 949 2438 declarare.
1008 2393 1097 2439 Sed
1131 2401 1283 2437 neutra
1315 2400 1458 2437 tamen
1487 2393 1678 2452 explica-

211 2451 273 2492 tio
299 2451 367 2491 hic
391 2450 496 2492 ferri
548 2455 660 2492 otest
683 2450 790 2493 duas
810 2452 864 2491 ob
889 2467 1061 2495 causas,
1112 2450 1305 2493 Primum
1325 2452 1438 2493 enim
1460 2458 1578 2494 recte
1598 2449 1677 2492 mi-

213 2507 352 2556 reris,
386 2465 597 2564 quodq'„
639 2507 676 2547 si
696 2509 958 2550 alterutrum
992 2509 1134 2550 dicore
1168 2510 1393 2561 voluerat,
1432 2509 1551 2551 tanta
1582 2519 1677 2548 ver·

215 2564 366 2606 borum
392 2566 544 2629 pompa
567 2591 621 2596 -—
641 2562 711 2605 ὅτι,
731 2563 1060 2621 ἐπιστεύθησαν
1080 2566 1134 2607 τὰ
1158 2564 1285 2621 λόγια
1307 2582 1341 2608 τ.
1366 2570 1410 2607 ἔ).
1431 2566 1521 2617 uti,
1549 2576 1675 2621 quam

213 2620 477 2677 simpliciter
499 2622 559 2662 sie
582 2621 731 2677 loqui:
754 2647 805 2653 —-
835 2619 903 2663 ὅτι
925 2622 1073 2672 αὐτοῖς
1095 2618 1118 2662 ὅ
1142 2622 1274 2675 νόμος
1293 2621 1460 2679 ἐδόθη.
1493 2618 1581 2719 gila
1602 2616 1678 2659 τὸν

219 2672 350 2729 νόμον
372 2673 519 2727 ἔχουσι
549 2681 621 2720 καὶ
652 2680 755 2729 τοῦς
785 2678 1068 2735 προφήτας.)
1097 2679 1316 2723 maluerit.
1375 2679 1490 2721 Dein
1523 2691 1545 2718 e
1571 2690 1677 2740 quo-

219 2734 360 2775 minus
380 2733 595 2775 alterutro
617 2734 741 2776 modo
767 2734 878 2777 hunc
906 2736 939 2779 l.
967 2751 1223 2778 enarremus
1255 2750 1385 2778 versu
1404 2735 1446 2778 3.
1475 2732 1678 2791 prohibe-

220 2803 330 2834 mur.
388 2788 507 2830 Vere
535 2790 764 2844 Vatablus,
804 2793 925 2836 Grai.
956 2793 1014 2836 al.
1046 2791 1100 2835 τᾶ
1132 2789 1260 2848 λόγια
1290 2795 1369 2834 τοῦ
1399 2790 1511 2833 θεοῦ
1534 2787 1599 2832 V.
1622 2787 1679 2832 T.
