1752 3347
273 195 409 226 xxviu
706 172 1315 234 ,PROLEGOMENQ

318 289 392 334 side
413 289 480 324 Dei
502 289 668 323 favorem
689 286 902 327 consequuti
927 284 1062 329 simus,
1101 286 1220 330 agite,
1251 292 1379 328 pacem
1400 293 1484 320 cum
1505 287 1583 321 Deo
1607 283 1743 321 christi

316 332 425 377 opera
445 335 730 378 coagmentatam
747 340 939 365 servemus
956 334 992 364 et
1005 332 1202 374 gloriemur
1213 333 1258 365 de
1277 340 1343 372 spe
1360 331 1502 377 beatae,
1525 340 1632 375 quam
1642 334 1745 366 Deus

317 384 419 416 nobis
445 383 528 415 olim
557 382 709 413 daturus
732 384 790 412 est
810 379 912 410 vitae
933 378 967 420 5,
983 380 1023 411 01.
1042 381 1091 411 2..
1137 379 1231 419 Quin
1258 379 1368 410 etiam
1394 378 1440 410 de
1462 379 1744 423 calamitatibus,

317 429 447 472 quibus
470 427 707 469 afflictamur,
742 425 1026 466 triumphemus,
1056 433 1163 465 quum
1190 432 1255 458 eas
1284 426 1322 457 et
1346 425 1450 466 ipsas
1473 425 1625 468 denique
1641 427 1744 458 vitae

258 491 260 493 ·
315 479 490 509 aeternae
515 482 637 515 spem,
669 467 738 513 quzi
756 471 842 504 nibil
864 471 1002 502 certius
1026 473 1084 502 est
1107 471 1141 514 5,
1159 470 1335 514 5.—n.‚
1368 471 1504 504 afferre
1525 473 1686 507 sciamus
1706 472 1744 512 5,

316 525 352 556 3.
369 520 421 554 4..
466 522 516 553 Et
533 519 700 561 quoniam
716 517 883 550 Christus
908 517 1152 557 sempiternae
1170 516 1268 549 vitae
1288 525 1390 558 spem
1414 518 1517 550 nobis
1536 517 1643 563 fecit,
1676 519 1745 553 hoc

314 568 374 610 pie
393 569 602 607 teneamus,
623 565 737 597 Deum
752 563 1019 604 sapientissime
1034 572 1112 596 rem
1130 563 1184 596 sic
1201 562 1404 595 instituisse
1415 585 1426 606 ,
1461 567 1500 596 ut
1516 572 1624 606 quum
1638 565 1744 597 Ada-

314 622 418 653 mus,
443 621 547 654 quem
562 612 662 644 Deus
678 611 832 642 alterum
854 610 1032 642 Adamum
1048 610 1247 643 hominibus
1265 618 1331 650 per
1353 610 1526 651 ambages
1548 611 1744 644 ostenden-e

314 659 516 700 voluisset,
554 656 683 688 mortis
706 657 943 688 acerbitatem
966 656 1002 688 in
1025 665 1140 698 genus
1163 657 1356 688 humanum
1379 656 1608 699 derivasset,
1647 657 1744 689 alter

313 706 477 739 Adamus
501 701 710 742 (Christus)
733 703 995 735 absolutionem
1014 703 1163 735 vitalem
1186 702 1350 734 omnibns
1371 702 1570 735 hominihus
1593 703 1746 736 afferret

312 752 349 794 5,
361 752 538 783 12.-19.
551 772 562 790 ,
584 757 674 782 mos.
692 750 814 782 autem
829 750 886 781 lex
901 750 967 781 hoc
985 749 1131 782 comilio
1149 750 1312 786 daretur,
1337 753 1376 780 ut
1391 749 1635 790 multiplicatis
1655 757 1744 789 pec-

314 797 409 830 catis
426 796 559 829 eximia
582 795 779 828 exsisteret
802 795 873 827 dlv.
897 795 1111 828 clementiae
1135 795 1358 827 abundantia
1379 795 1414 833 5,
1433 797 1490 828 20.
1509 797 1576 828 21..
1622 795 1744 835 [Haec

312 843 512 882 disputatio
528 842 704 875 lectorum
722 841 861 874 animos
875 843 1108 874 vehementer
1126 841 1237 873 ferire
1263 840 1415 873 debebat
1441 844 1481 882 et
1499 842 1670 881 efficere,
1702 844 1743 873 ut

312 886 388 924 tota
410 890 530 922 mente
556 888 692 921 Christi
717 887 943 926 evangelium
966 889 1292 928 amplecterentur,
1343 892 1467 927 quum·
1483 888 1606 920 omnia
1627 888 1744 920 Deum

312 936 464 969 consilia
481 942 505 968 a
522 935 644 968 mundi
667 935 876 975 primordiis
894 941 937 966 eo
961 934 1140 966 direxisse
1163 933 1446 975 comperissent,
1475 936 1518 966 ut
1539 942 1609 975 per
1626 933 1744 966 Chri-

310 985 414 1016 stum
430 982 537 1014 salus
556 981 755 1015 hominibus
776 981 945 1022 daretur,
972 987 1080 1020 quam
1105 980 1175 1020 ipsi
1192 981 1263 1012 fide
1282 980 1349 1012 sibi
1368 980 1673 1022 acquisivissent,
1704 981 1744 1012 et

310 1029 428 1070 ipsam
447 1028 563 1068 legem
588 1035 675 1060 mos.
694 1035 766 1060 non
786 1027 919 1070 fuisse,
949 1027 1021 1058 nisi
1043 1027 1268 1059 clementiae
1291 1027 1371 1058 div.
1389 1034 1459 1067 per
1477 1025 1676 1059 Christum
1700 1027 1744 1058 in

308 1075 433 1108 lucem
453 1073 706 1116 proferendae
729 1073 920 1117 famulam
945 1072 1243 1113 cognovissent}
1288 1072 1415 1112 Inepte
1433 1081 1479 1104 ex
1498 1072 1563 1113 iis,
1593 1079 1687 1113 quae
1706 1073 1742 1110 5,

309 1122 368 1155 20.
393 1123 450 1153 21.
483 1119 582 1152 dicta
610 1122 716 1161 sunt,
761 1118 894 1158 impuri
925 1118 1123 1153 christiani
1153 1119 1245 1150 hauc
1275 1118 1491 1159 flagitiosam
1523 1118 1742 1151 sententiam

309 1169 462 1200 eruant:
493 1167 551 1197 est
567 1166 768 1198 homiuibus
784 1165 909 1196 christ.
926 1164 961 1195 iu
983 1164 1166 1203 peccando
1191 1165 1530 1203 perseverandum.
1560 1172 1629 1205 quo
1649 1173 1743 1206 opu-

309 1213 438 1246 lentior
455 1212 611 1245 exsistat
628 1213 704 1245 div.
721 1210 915 1243 clementia
928 1212 964 1248 6,
983 1213 1027 1242 1..
1072 1210 1165 1241 Nam
1185 1218 1292 1249 quum
1316 1209 1474 1242 homines
1496 1210 1624 1243 christ.
1645 1210 1670 1242 ii
1689 1211 1743 1242 si-

308 1268 389 1294 mus
401 1282 412 1301 ,
445 1258 506 1299 qui
525 1259 640 1290 vitam
666 1257 828 1298 peccatis
852 1256 1011 1288 dicatam
1028 1255 1259 1295 posuerimus
1276 1262 1480 1295 novamque
1498 1257 1535 1288 et
1554 1256 1743 1290 honestam

306 1307 421 1338 vitam
438 1313 622 1344 nunquam
638 1312 709 1336 non
725 1303 901 1343 agendam
920 1302 1126 1341 inierimus,
1156 1303 1320 1334 nostrum
1340 1301 1410 1341 ipsi
1427 1301 1608 1344 ingenium
1628 1311 1742 1335 exne-

306 1361 442 1393 remus,
464 1351 495 1381 si
507 1349 706 1384 Christiani
723 1347 811 1380 facti
825 1350 979 1388 peccata
995 1348 1097 1380 uobis
1113 1347 1382 1389 indulgeremus
1397 1349 1593 1389 6‚2.—11..
1617 1349 1743 1388 Quare

305 1398 350 1432 ob
369 1398 405 1431 id
422 1397 539 1437 ipsum
555 1398 704 1428 honeste
718 1394 822 1427 uobis
838 1393 1035 1427 vivendum
1054 1395 1133 1437 est,
1161 1394 1255 1435 quod
1270 1401 1341 1427 non
1364 1394 1434 1436 legi
1450 1402 1539 1427 mos„
1556 1403 1743 1437 paremus,

304 1445 375 1477 sed
391 1443 606 1476 clementiae
621 1441 697 1474 div.
714 1439 848 1472 subditi
871 1448 998 1472 sumus
1022 1443 1058 1483 6,
1076 1442 1188 1472 12.-
1201 1439 1269 1472 14..
1314 1442 1384 1480 At,
1410 1441 1546 1485 inquit,
1582 1450 1740 1482 peccare

304 1490 408 1524 nobis
430 1489 515 1521 licet
540 1490 757 1531 propterea,
790 1486 885 1527 quod
910 1494 981 1518 uon
1008 1487 1124 1527 legem
1147 1494 1260 1524 mos,
1293 1490 1529 1526 peccatorum
1549 1488 1741 1530 vindicem,

303 1537 370 1569 sed
387 1536 461 1569 div.
479 1534 720 1571 clementiam,
742 1540 836 1574 quae
856 1533 920 1564 dat
935 1536 1166 1571 peccatorum
1178 1532 1334 1575 veniam,
1357 1533 1651 1573 gubernatricem
1671 1535 1739 1566 ha..

302 1584 428 1615 bemus
448 1585 482 1624 6,
502 1581 570 1614 14..
614 1581 717 1613 Haec
738 1576 894 1619 objectio
919 1578 1078 1611 absurda
1101 1581 1170 1610 est.
1230 1579 1321 1611 Nam
1348 1588 1457 1619 quum
1482 1581 1585 1613 homo
1611 1581 1739 1614 christ·

303 1629 370 1671 sit,
394 1636 462 1660 non
482 1627 543 1670 qui
560 1627 735 1668 peccato,
759 1625 825 1657 sed
840 1623 901 1664 qui
917 1625 1049 1656 Pietati
1066 1625 1230 1666 serviat,
1254 1625 1430 1658 homiuem
1447 1627 1573 1659 christ.
1592 1636 1741 1668 exuere,

303 1675 364 1716 qui
382 1672 557 1714 peccandi
583 1671 768 1704 licentiam
787 1671 855 1703 sibi
880 1674 1002 1703 sumat
1028 1674 1184 1712 apparet
1200 1673 1235 1713 6,
1253 1672 1443 1704 15.-23..
1490 1673 1596 1712 Quod
1616 1678 1740 1706 autem

303 1721 376 1761 legi
395 1728 484 1752 mos.
501 1727 567 1753 uos
588 1719 741 1760 subesse
757 1723 872 1757 supra
890 1719 925 1758 6,
938 1717 1059 1750 1415.
1088 1718 1235 1758 negavi,
1258 1719 1323 1750 hoc
1342 1718 1509 1751 nimirum
1528 1719 1611 1751 mihi
1624 1721 1737 1759 volui,

304 1767 438 1804 Christi
459 1769 611 1797 mortem
629 1772 696 1797 nos
713 1764 898 1803 legimns„
922 1771 1016 1804 quae
1036 1771 1205 1804 magnum
1219 1764 1399 1796 excitaret
1415 1772 1613 1805 pravarum
1630 1767 1738 1806 cupi-

304 1815 457 1849 ditatum
486 1810 706 1851 incendium,
734 1809 913 1851 eripuisse
938 1811 973 1849 7,
993 1812 1127 1843 1—6..
1176 1811 1423 1853 Quamquam,
1455 1815 1495 1844 ut
1515 1812 1656 1852 planius
1679 1814 1738 1845 di-

303 1868 406 1900 cam,
432 1866 502 1892 nou
520 1858 600 1898 ipsa
615 1857 730 1890 Mosis
746 1857 823 1897 lex,
855 1850 923 1895 quai
942 1856 1026 1888 nihil
1050 1856 1213 1888 sanctius
1237 1860 1313 1894 est,
1346 1857 1394 1889 ad
1419 1859 1644 1898 peccandum
1659 1860 1736 1896 lnos

301 1906 471 1948 pellexit,
501 1905 566 1936 sed
590 1910 731 1945 pravae
757 1901 979 1943 cupiditates
997 1899 1185 1942 praeclara
1210 1911 1251 1935 re
1270 1905 1408 1935 abusae
1436 1912 1501 1942 per
1520 1912 1601 1936 eam
1618 1914 1661 1937 se
1679 1907 1736 1938 in-

302 1951 482 1986 flammari
497 1958 634 1992 passae
651 1954 746 1982 sunt.
793 1950 850 1982 Ita
868 1949 962 1980 euim
987 1958 1049 1981 res
1073 1949 1199 1987 habet,
1238 1955 1277 1981 ut
1307 1950 1457 1983 honesta
1483 1959 1586 1982 meus
1610 1957 1738 1986 nostra

301 1999 497 2040 approbet,
521 1996 665 2030 animus
679 1996 805 2028 noster
821 1995 1016 2028 vetitorum
1033 1995 1212 2028 illecebris
1231 1995 1396 2028 irretitus
1415 1997 1462 2029 ad
1479 1997 1664 2032 deteriora
1680 2000 1737 2032 iu-

301 2046 460 2079 clinatus
480 2043 530 2075 sit
544 2045 580 2085 7,
597 2044 620 2076 7
633 2060 675 2067 —
687 2044 756 2075 23..
801 2043 859 2074 Ex
880 2037 943 2073 haic
960 2037 1126 2083 miseriti,
1167 2037 1236 2083 qus
1255 2043 1440 2075 uobiscum
1458 2043 1529 2082 ipsi
1546 2043 1736 2078 discordes

301 2092 537 2129 vivebamus,
570 2088 739 2123 Christus
762 2096 829 2120 nos
849 2087 980 2120 exemit
1006 2088 1126 2121 fracto
1143 2096 1342 2130 pravarum
1365 2090 1604 2130 cupiditatum
1620 2092 1737 2124 donii-

301 2140 389 2173 natu
407 2140 444 2170 et
460 2135 590 2177 spiritu
611 2136 706 2177 div.,
729 2134 790 2175 qui
808 2137 915 2167 ornat
933 2134 1000 2167 Dei
1016 2134 1109 2167 filios
1121 2157 1132 2174 ,
1159 2135 1260 2167 nobis
1281 2136 1368 2168 dato
1380 2158 1390 2176 ‚
1413 2136 1659 2176 sempiternae
1675 2140 1736 2170 vi-

303 2188 363 2218 tae
379 2191 553 2224 sponsore
569 2183 604 2224 7,
622 2181 716 2215 25—
728 2182 764 2218 8,
784 2183 851 2215 17..
899 2182 1125 2222 Quamquam
1143 2182 1202 2214 vel
1222 2178 1331 2223 hujus
1348 2182 1449 2214 vitae
1475 2190 1673 2216 aerumnas
1698 2189 1735 2218 et

301 2233 429 2263 beatae
450 2229 551 2260 vitae
567 2237 655 2268 spes
671 2228 882 2260 consolatur
899 2230 936 2259 et
954 2227 1027 2259 div.
1047 2227 1196 2267 spiritus
1209 2250 1218 2261 .
1241 2227 1300 2268 qui
1319 2229 1462 2261 amictis
1482 2228 1632 2266 benigue
1648 2240 1736 2263 suc-

301 2277 416 2311 currit
433 2277 468 2314 8,
487 2276 539 2309 18.
555 2291 590 2297 -
603 2276 670 2308 27..
717 2275 920 2307 Praeterea
934 2275 997 2305 hoc
1014 2273 1072 2314 pie
1093 2275 1326 2309 meditentur.
1368 2275 1466 2306 nobis
1485 2275 1545 2314 qui
1563 2279 1599 2308 et
1619 2277 1735 2311 Deum

301 2324 492 2361 diligamus
512 2323 549 2354 ct
566 2329 654 2361 quos
674 2321 772 2353 Deus
791 2319 936 2354 Christo
962 2320 1072 2351 misso
1092 2321 1215 2358 diligat
1235 2323 1311 2352 tum
1330 2320 1414 2352 nihil
1436 2321 1518 2353 mali
1545 2320 1580 2352 in
1605 2323 1734 2357 bouum

302 2380 369 2402 nun
386 2372 552 2404 vertero,
577 2370 652 2399 tum
671 2365 927 2406 sempiternam
946 2366 1156 2398 felicitatem
1173 2367 1365 2407 aliquando
1384 2368 1506 2407 utique
1522 2375 1735 2403 eoncessum

303 2417 347 2447 iri
365 2417 399 2453 S,
416 2417 524 2449 28.—
539 2417 608 2447 39..
656 2413 776 2452 [Quae
799 2413 918 2444 omnia
939 2414 1110 2445 nonnanis
1141 2415 1178 2445 ct
1204 2422 1378 2445 sumntum
1406 2414 1608 2454 evangelii,
1639 2418 1733 2456 quod

303 2463 437 2495 nullam
459 2469 611 2501 prorsus
631 2460 735 2492 daret
754 2459 926 2498 peccandi
942 2459 1145 2499 licentiam,
1169 2461 1412 2492 reverentiam
1431 2457 1582 2501 injicere
1599 2463 1632 2498 6.
1653 2465 1734 2495 1.-

303 2511 340 2545 7,
357 2511 411 2545 6.,
449 2512 484 2539 ct
507 2515 586 2541 cam
613 2509 766 2540 utentem
782 2505 917 2538 afferre
943 2506 1139 2542 debebant,
1171 2509 1209 2537 ut
1227 2515 1385 2538 summas
1407 2508 1482 2539 Deo
1501 2505 1643 2547 gratias
1667 2511 1733 2541 ha-

303 2555 429 2586 berent
442 2576 452 2589 ,
481 2554 572 2593 quod
589 2553 751 2586 beneficii
769 2552 925 2584 omnium
945 2552 1225 2591 praeclarissimi
1242 2562 1324 2584 sese
1344 2553 1537 2591 participes
1551 2552 1733 2586 reddidis-
1750 2575 1752 2582 ·

304 2606 361 2632 set.
376 2601 413 2637 7,
431 2602 516 2632 7.-
532 2600 566 2636 8,
584 2599 673 2638 39.].
721 2601 800 2638 Quo
825 2598 1023 2636 impensius
1047 2599 1229 2633 Judueos,
1262 2600 1452 2639 populares
1480 2607 1597 2633 meos.
1630 2610 1733 2633 sunt-

303 2646 372 2681 luis
392 2654 414 2678 a
434 2647 508 2678 nco
528 2645 724 2687 privilegiis
741 2648 902 2679 ornatos.
927 2653 1021 2686 aino,
1036 2653 1078 2676 eo
1099 2645 1285 2677 molestius
1302 2647 1394 2680 sero.
1416 2645 1508 2684 quod
1527 2645 1648 2677 multis
1667 2656 1733 2679 eo..

306 2701 384 2725 ritu)
407 2692 508 2723 salus
537 2700 558 2722 a
582 2692 725 2724 Christo
753 2696 858 2732 parta
887 2701 953 2722 nun
981 2692 1141 2726 «entim.
1187 2692 1258 2722 Soti
1279 2692 1442 2723 nimirum
1463 2691 1527 2722 Dei
1554 2694 1734 2731 promissa,

304 2739 349 2771 ad
376 2738 582 2774 nonnullos,
614 2748 681 2769 non
700 2739 744 2770 ad
768 2747 890 2769 «nunes
910 2738 1102 2770 Abrabami
1125 2742 1288 2777 postero.-
1312 2737 1489 2776 pertiueut
1509 2739 1543 2773 9.
1566 2740 1731 2775 1.-13..

305 2787 427 2824 Neque
453 2783 584 2814 idcirco
607 2786 704 2816 lleus
723 2782 857 2826 injuste
886 2785 972 2822 ugit.
1023 2786 1112 2816 Nam
1133 2786 1244 2816 Deum
1271 2779 1515 2815 benevolentis
1544 2787 1732 2824 complecti

303 2839 559 2871 quemcumque
584 2831 750 2862 voluerit
779 2831 856 2862 libri
884 2840 933 2861 ss.
960 2834 1141 2862 testantur
1161 2833 1195 2867 9,
1216 2831 1401 2863 14.--18..
1450 2830 1528 2862 Noli
1555 2829 1732 2872 objicere:

305 2879 371 2912 huc
398 2878 504 2919 pactu
534 2871 665 2920 injurii
683 2878 778 2910 Deus
805 2878 846 2910 dc
869 2873 946 2912 mci
971 2877 1215 2919 pti-versuum
1236 2876 1491 2919 minuentur,
1520 2886 1629 2919 quum
1651 2878 1731 2923 rjus
