1752 3347
564 153 651 195 (tA
670 152 720 196 Ρ.
755 150 829 196 ll.
865 151 887 194 l
917 169 953 196 s.
988 152 1082 197 17..
1482 153 1566 196 123

94 263 232 318 κρινεῖ
250 260 405 302 relatis
427 274 545 304 vocc-
573 260 648 302 διὰ
666 257 807 315 Ἰησοῦ
829 261 1029 315 Xeno-1017
1057 269 1135 317 per
1168 259 1435 318 epexegesin
1464 264 1568 303 ante

93 318 225 360 dictis
246 316 348 359 addi
382 323 558 374 putant:
578 341 632 350 —-
661 331 707 358 eo
732 317 823 370 alie,
857 331 985 372 quaem
1015 317 1057 359 in
1078 315 1176 372 jus
1203 315 1420 359 vocabi!
1444 318 1568 360 Deus

92 375 309 417 hominum
330 375 516 429 caynam
540 373 651 414 sicut
669 387 740 427 09⁰
760 373 908 414 docere
926 373 1059 426 soleo,
1090 379 1140 415 et
1169 374 1381 430 quidem
1395 388 1475 429 per
1491 375 1567 417 Je-

91 445 187 474 snm-
209 430 436 472 (mo-istum.
491 429 634 471 Deum
664 444 741 486 per
770 429 946 479 Jcsum,
986 435 1190 486 tanquam
1221 430 1452 484 vicarium,
1490 431 1567 490 ju·-

93 487 253 529 dicium
275 486 607 528 commissurum
628 501 727 526 esse
749 486 877 527 ctiam
909 488 1015 529 Act.
1038 487 1188 538 10,42.
1222 487 1368 540 1231.
1400 487 1502 532 Joh.
1523 487 1569 541 5,

91 545 164 587 22.
196 544 456 585 aflirumtur.
515 542 580 583 Ex
611 542 680 582 his
710 543 742 585 l.
774 557 823 583 ea
866 544 1123 598 explicanda
1164 550 1288 597 sunt,
1340 559 1452 600 quae
1489 548 1569 586 aut

92 601 236 642 Deum
261 599 411 653 (Rom.
439 597 533 647 2‚5.
563 598 654 652 sq.)
681 603 762 639 aut
777 598 998 641 Christum
1029 601 1079 655 (2
1097 601 1215 644 Tim.
1235 601 1332 653 4‚l.
1359 602 1426 658 8.)
1446 600 1570 660 Judi-

94 671 184 698 cem
206 655 386 697 faciunt.
445 652 506 696 V.
530 654 598 695 17.
642 653 730 695 ἰδὲ.
764 654 837 706 σύΙ
868 669 986 707 ecce,
1017 662 1150 700 {ec—.
1192 657 1289 699 Hoc
1313 658 1444 700 habet
1464 673 1569 700 con-

90 711 294 754 formatio
314 713 512 765 recepta:
539 706 647 755 ἴδε,
680 706 755 757 σύ,
792 709 910 806 (iuod
932 725 1065 752 sensu
1095 714 1206 755 nihil
1233 714 1460 773 discrepat
1486 715 1568 771 (cf.

99 768 207 810 WJn.
231 781 298 821 gr.
320 780 364 823 p.
384 766 480 821 48.)
507 780 560 806 ex
583 764 653 807 55.
671 766 744 809 76.
775 764 857 809 M.
891 781 928 808 e.
960 768 992 810 s.
1023 768 1081 811 al.
1110 770 1260 823 Beza,
1291 769 1569 814 fllcdtleaeius

87 824 157 869 ed.
177 824 279 881 maj.
301 828 344 865 et
364 823 468 866 min.
489 823 549 865 al.
567 819 796 866 dederunt.
861 821 1088 865 Postremo
1112 823 1160 867 εἰ
1189 827 1246 868 δὲ
1268 825 1322 869 σύ
1343 829 1408 873 Δ.
1426 827 1480 872 Β.
1502 827 1565 872 D.

88 882 142 924 E.
166 874 327 924 10.‘31.
346 881 419 923 46.
444 879 518 922 74.
545 878 617 922 80.
646 877 728 921 Mt.
760 894 803 934 g.
831 878 874 922 3.
905 879 1029 934 Syr„
1060 881 1209 936 copi„
1240 884 1392 939 Acila,
1422 886 1568 938 Arm„

94 938 241 994 ναῖς..
280 936 424 988 Utar„
462 935 635 988 Germ.,
678 934 944 990 Theopleyf,‚·
973 937 1119 994 I’cluy.
1156 944 1200 981 et
1231 942 1443 984 nonnulla
1474 943 1566 985 alia

86 994 289 1037 subsidia
329 993 481 1035 critica
514 997 684 1046 tenent,
737 990 854 1048 quod
890 992 1095 1049 Benyel„
1136 996 1329 1050 Griesb„
1366 996 1566 1054 Knapp„

87 1052 271 1094 Luc-lem.
292 1051 350 1094 al.
374 1050 418 1091 in
446 1049 640 1091 ordinem
667 1056 929 1107 receperunt
955 1056 1000 1092 et
1028 1052 1156 1094 multi
1184 1052 1477 1113 interpretes,
1515 1060 1567 1098 ut

89 1108 235 1163 Kopp.
261 1112 306 1149 et
332 1106 584 1159 Rucclcert„
623 1106 858 1161 genuinum
891 1107 1218 1153 existimarunt.
1293 1110 1564 1156 verissime.

85 1164 167 1207 Ἰδέ
184 1163 298 1207 enim
323 1166 382 1219 (s.
412 1159 500 1218 ἴδε)
525 1167 729 1205 contexta
760 1163 902 1206 oratio
933 1166 1125 1222 respuit,
1161 1182 1276 1223 quae
1306 1168 1482 1224 flagitat
1513 1167 1567 1212 εἰ

85 1220 148 1264 δέ.
210 1220 380 1263 Verum
404 1224 494 1273 est,
535 1220 859 1274 grammaticam
890 1220 1020 1281 hujus
1044 1223 1078 1267 l.
1106 1225 1468 1281 compositionem
1495 1222 1566 1268 ἰδέ

86 1292 126 1321 s.
143 1273 212 1320 ἴδε
233 1277 451 1334 recipere,
482 1291 614 1333 quum
639 1276 992 1333 quialterutrum
1023 1279 1067 1320 in
1097 1295 1139 1325 v.
1167 1281 1320 1324 ordine
1349 1282 1566 1325 exhibue-

84 1335 168 1388 rit,
197 1334 238 1376 ei
260 1333 469 1400 periodus
490 1332 730 1375 claudenda
752 1334 812 1375 sit
829 1348 869 1390 V:
890 1349 956 1378 vs,
978 1335 1050 1380 20.
1071 1334 1116 1378 ἐν
1137 1339 1200 1392 τῷ
1225 1337 1345 1395 νόμῳ
1376 1343 1423 1381 et
1450 1353 1565 1382 nova

85 1396 305 1433 sententia
335 1389 551 1433 ordiunda
576 1405 616 1433 v.
645 1390 717 1433 21.
739 1386 788 1431 ‘0
817 1392 892 1431 σὺν
920 1389 1141 1434 διδάσκων
1171 1420 1237 1436 -.
1306 1396 1377 1438 At
1405 1396 1486 1438 hfic
1512 1410 1564 1438 re

84 1448 197 1490 nihil
213 1448 420 1491 efficitur.
474 1445 672 1488 Primum
692 1447 804 1488 enim
824 1443 893 1489 ἷδέ
911 1463 949 1491 S.
968 1444 1035 1490 ἴδε
1056 1449 1096 1491 si
1112 1452 1329 1508 Apostoli
1350 1452 1459 1495 vitia
1481 1452 1510 1497 J
1512 1468 1564 1495 u-

85 1503 207 1546 daeis
234 1503 541 1560 exprobrantis
569 1503 797 1544 existimes
825 1503 891 1557 (h.
923 1519 960 1547 s,
994 1520 1088 1547 ecce
1116 1511 1165 1549 tu
1192 1508 1272 1551 hoc
1298 1513 1429 1567 atque
1454 1510 1563 1553 illud

82 1561 197 1602 male
217 1558 349 1616 sacis,
378 1560 541 1602 Judccce
563 1572 604 1602 V.
628 1559 684 1600 17
703 1583 754 1591 -
775 1559 1152 1614 20.)ssententiam
1170 1564 1333 1621 perdit,
1364 1566 1563 1621 quando-

112 1615 256 1659 uidem
277 1616 485 1659 nonnulla
505 1615 551 1656 in
571 1614 642 1656 his
664 1629 731 1658 vs,
761 1615 996 1670 leguntur,
1037 1633 1149 1674 quae
1176 1635 1279 1663 vere
1308 1623 1460 1679 potius
1481 1623 1564 1667 Ju-

112 1673 182 1716 aei
200 1673 438 1726 habebant,
470 1687 599 1729 quam
618 1672 705 1714 sibi
724 1677 890 1715 temere
909 1675 1179 1729 arrogabant
1208 1679 1286 1734 (cf.
1315 1693 1357 1724 v.
1383 1679 1457 1724 18.
1484 1681 1562 1722 καὶ

80 1729 332 1787 γιγνώσκεις
349 1729 400 1771 τὸ
421 1729 600 1783 θέλημα
621 1729 695 1770 καὶ
715 1728 1035 1783 δοκιιιιάζειςτοέ
1047 1731 1320 1792 διαφέροντα
1330 1734 1416 1778 κ.ἒ.
1429 1752 1467 1778 τ.
1481 1738 1558 1792 ν.),·

82 1787 153 1828 sin
174 1784 226 1831 Ρ.
247 1786 328 1829 1ιέιο
349 1800 452 1830 voce
471 1789 521 1828 ut
548 1800 628 1828 sua
655 1786 948 1829 emolumenta
976 1789 1063 1830 rite
1094 1791 1346 1848 expendant
1362 1791 1560 1837 Iudaeos

79 1844 268 1887 invitare
285 1843 482 1886 voluisse
503 1841 657 1884 credas
687 1843 754 1899 (h.
788 1857 827 1886 s.
856 1859 973 1898 ecee,
1012 1851 1061 1887 in
1090 1851 1155 1889 tot
1182 1850 1403 1905 tcmtisque
1428 1864 1560 1892 orna-

79 1900 236 1942 mentis
253 1900 432 1956 insiynis
447 1900 512 1954 es)
536 1904 654 1941 recte
679 1901 881 1953 mireris,
911 1905 1003 1943 tum
1031 1902 1148 1958 quod
1178 1919 1264 1946 non
1293 1906 1560 1963 simpliciter

77 1971 130 2000 ea
150 1957 401 2010 nominarit,
431 1955 510 1998 sed
530 1957 742 1998 nonnulla
759 1957 971 2012 gloriosis
995 1958 1261 2003 ludaeorum
1281 1962 1431 2005 verbis
1452 1977 1558 2004 con-

77 2015 244 2071 ceperit
261 2014 337 2069 (cf.
367 2027 408 2056 v.
430 2014 544 2067 19.),
576 2017 668 2055 tum
698 2013 816 2070 quod
842 2015 1073 2071 periodum
1104 2032 1190 2059 non
1218 2019 1558 2074 continuaverit,

78 2075 127 2112 ut
147 2085 187 2115 v.
206 2070 278 2115 21.
300 2069 514 2112 scriberet
534 2095 589 2101 —-
608 2068 653 2111 ἐν
669 2071 731 2126 τῷ
753 2068 896 2126 νόμῳ,
927 2073 1014 2114 καὶ
1045 2071 1326 2117 διδάσκων
1355 2074 1556 2131 ἕτερον

78 2125 262 2169 σεαυτὸν
282 2126 333 2170 οὖ
354 2123 582 2175 διδάσκεις
599 2150 668 2166 —.
698 2128 836 2182 (ecce,
867 2133 939 2181 m,
969 2144 1097 2184 qzczcm
1116 2135 1209 2173 tam
1228 2132 1366 2175 multa
1389 2132 1555 2175 habeas

77 2184 334 2238 praecipua,
363 2187 567 2227 tumente
588 2182 727 2238 ipsum
744 2198 827 2225 non
843 2184 965 2226 doces
985 2187 1295 2245 commistisque
1321 2202 1431 2245 quae
1451 2188 1556 2242 fieri

78 2242 198 2280 vetas
210 2238 457 2296 facinora),
487 2244 577 2281 tum
601 2238 717 2296 quod
742 2239 929 2297 abrupte
954 2257 994 2286 v.
1016 2244 1085 2287 17.
1117 2239 1207 2294 ἴδε,
1248 2243 1302 2286 σὺ
1323 2269 1417 2294 —-.‚
1455 2247 1552 2301 (ex-

34 2307 37 2310 ⁴
79 2295 305 2350 spectabas
324 2293 438 2338 ἀλλ’
461 2291 550 2345 ἴδε,
581 2295 636 2339 σύ
656 2297 749 2351 ——.)
771 2297 1025 2354 scripserit,
1064 2303 1156 2341 tum
1185 2300 1298 2356 quod
1325 2305 1415 2343 tam
1439 2302 1552 2344 mol-

74 2352 181 2393 liter
199 2365 294 2393 cum
315 2352 494 2396 Iudaeis
515 2352 559 2395 h.
578 2353 611 2396 l.
633 2353 799 2407 egerit,
831 2368 943 2409 quos
964 2356 1369 2398 inclementioribus
1399 2372 1441 2402 v.
1472 2374 1549 2401 su-

76 2422 157 2465 pra
178 2422 218 2452 v.
237 2409 266 2449 3
285 2432 334 2440 —
351 2410 394 2452 5.
425 2410 504 2465 (cf.
529 2423 570 2453 v,
598 2410 641 2453 9.
673 2411 767 2464 10.)
794 2412 1121 2467 compellasset.
1188 2413 1364 2456 Deinde
1389 2414 1548 2458 lectio-

76 2479 173 2518 nem
196 2460 320 2506 εἰδὲ
338 2464 400 2507 σὺ
415 2463 684 2515 Ἰουδαῖος
708 2465 962 2525 ἐπονομάζῃ
981 2494 1049 2509 ——.
1081 2469 1227 2511 firmat
1246 2485 1288 2513 v.
1313 2471 1384 2514 14.
1415 2469 1546 2515 ὅταν

113 2520 140 2563 ὰ
154 2536 179 2576 ρ
200 2518 337 2575 ἔθνη
357 2545 410 2553 -
428 2521 564 2576 ποιῇ
595 2547 666 2566 -.
723 2524 946 2579 Apertum
966 2529 1035 2566 est
1054 2526 1192 2579 enim,
1236 2524 1290 2571 P.
1319 2542 1360 2572 V.
1381 2528 1451 2572 17.
1474 2544 1544 2586 sq.

74 2536 270 2622 ludaeos
311 2577 369 2618 iis
409 2577 649 2631 gentilibus
689 2592 933 2636 opponere,
988 2580 1041 2622 de
1083 2582 1240 2637 quibus
1279 2598 1320 2628 v.
1358 2585 1431 2629 14.
1472 2601 1543 2643 sq.

71 2634 205 2679 verba
226 2634 405 2676 fecerat.
464 2632 581 2675 Tum
603 2634 822 2690 scriptura
846 2632 893 2676 εἰ
925 2635 985 2678 δέ
1003 2641 1049 2678 et
1074 2638 1118 2681 h.
1148 2640 1180 2682 l.
1211 2641 1441 2698 aptissima
1474 2650 1545 2686 est

72 2696 117 2733 et
142 2690 322 2745 vulgata
351 2689 591 2733 diffieilior.
661 2689 855 2733 Videtur
881 2692 1020 2745 enim,
1065 2694 1105 2735 si
1135 2694 1175 2738 εἰ
1208 2697 1258 2739 δέ
1286 2700 1542 2755 reposueris

71 2748 317 2790 sententiae
337 2745 565 2804 Apodosis
583 2744 754 2790 deesse.
810 2747 1104 2803 Quamobrem
1121 2749 1191 2795 ἰδέ
1207 2768 1245 2796 ε.
1268 2750 1335 2796 ἴδε
1354 2760 1428 2798 aut
1449 2756 1541 2798 for-

72 2804 186 2850 tuitu
206 2807 355 2849 uatum
376 2809 446 2848 est
466 2818 519 2846 ex
541 2800 589 2848 εἰ
611 2803 636 2844 δ
649 2803 693 2856 ἑ,
724 2807 840 2848 anta
863 2807 1182 2854 correctoribus
1207 2810 1252 2854 in
1282 2811 1395 2856 hunc
1421 2813 1456 2859 l.
1482 2813 1538 2856 il-
