1752 3347
193 123 283 167 348
467 116 849 161 EPISTULA
881 115 984 159 AD
1016 115 1382 162 ROMAROS

194 230 295 270 sent
314 225 395 267 hoc
413 223 682 281 interpretes
698 254 710 275 ,
739 222 781 264 si
835 220 1011 264 uidnam
1032 220 1221 265 Paulum
1241 223 1281 268 h.
1303 223 1335 266 l.
1360 220 1505 265 dicere
1535 238 1663 281 opor-

193 286 312 325 teret
332 280 579 339 expendere
593 313 604 333 ,
634 294 762 336 quam
782 237 904 321 illius
923 280 1168 322 sententiae
1194 279 1481 337 asperitatem
1503 279 1665 322 intueri

194 339 474 382 maluissent.
531 336 684 380 Primo
714 337 829 387 enim
857 337 942 392 qua
971 341 1116 379 mente
1144 337 1217 378 lex
1249 351 1359 379 moS.
1390 337 1668 392 promulgata

195 399 320 438 esset
352 393 404 438 P.
433 394 475 437 h.
494 394 529 438 l.
556 393 712 436 docere
740 392 927 434 debebat
962 396 1025 447 (v,
1049 393 1151 436 Gal.
1170 394 1211 442 3,
1236 394 1348 446 19.),
1386 398 1433 434 ut
1462 407 1554 433 eam
1578 392 1668 434 Dei

193 452 251 495 de
274 450 525 494 hominibus
544 465 624 508 per
645 449 870 493 Christum
890 450 935 491 in
958 451 1177 505 integrum
1205 447 1494 492 restituendis
1523 449 1667 491 consi-

195 510 308 552 lium
337 507 560 566 adjuvisse
589 507 764 564 potiuS,
802 521 931 563 quam
959 507 1245 565 impedivisse
1263 513 1520 564 appareret3
1554 520 1667 562 quae

194 566 290 610 lata
315 566 414 619 lege
444 579 553 609 mOS.
583 564 780 606 homines
811 578 891 622 pro
923 565 1002 605 sua
1036 565 1329 622 perversitate
1360 563 1569 606 fecissent
1600 563 1669 603 iu-

195 628 300 681 epte
337 622 410 663 hic
439 619 493 665 P.
533 625 813 665 memoraret.
887 619 1018 663 Unde
1055 620 1126 663 ἵνα
1164 635 1204 664 v.
1220 622 1292 664 20.
1318 621 1392 664 21.
1433 619 1668 662 consilium

193 679 394 724 indicare
419 679 491 720 vel
519 683 722 721 contexta
746 679 886 720 oratio
911 677 1121 722 ostendit.
1179 677 1356 719 Deinde
1379 678 1519 732 legem
1544 690 1671 726 mosq

192 742 246 779 ut
267 739 543 794 peccatorum
561 734 826 778 abundantia
850 741 983 788 esset,
1011 734 1230 777 conditam
1248 749 1348 778 esse
1367 734 1671 775 convenienter

194 792 253 838 P.
283 792 392 834 dicit
423 792 598 850 sibique
626 807 810 849 prorsus
840 799 1064 836 constans,
1138 791 1285 846 Quum
1319 791 1433 832 enim
1463 789 1551 833 div.
1580 791 1670 831 cle-

196 850 362 894 mentia
387 845 433 906 (ἡ
450 846 600 906 χάρις)
628 851 672 891 in
703 848 801 891 data
836 856 1112 906 peccatorum
1132 848 1258 890 venia
1276 847 1568 902 concessaque.
1588 847 1671 888 im·-

196 908 399 966 punitate
426 906 501 962 (τῇ
530 904 811 962 δικαιοσύνῃ)
843 906 986 963 posita
1013 907 1096 957 sit,
1135 909 1304 947 tantum
1335 918 1434 945 esse
1463 903 1551 947 div.
1581 904 1670 945 ele-

196 964 390 1007 mentiae
427 962 663 1015 ambitum,
709 967 900 1019 quantus
929 967 1230 1019 peccatorum,
1286 975 1398 1016 quae
1438 960 1671 1002 commissa

194 1019 522 1073 condonentur,
561 1034 766 1062 numerus
795 1019 854 1061 sit
884 1020 1043 1062 elucet.
1102 1018 1169 1060 At
1197 1017 1516 1075 amplissimum
1549 1017 1672 1059 Deus

195 1077 456 1120 clementiae
490 1091 597 1119 suae
626 1091 806 1130 regnum
842 1076 982 1117 Paulo
1021 1083 1201 1117 auctore
1242 1090 1281 1118 v,
1309 1075 1382 1118 21.
1410 1073 1674 1119 destinarat.

194 1133 359 1191 Itaque
378 1133 636 1192 priusquam
655 1133 700 1175 id
726 1134 1073 1175 constitueretur
1101 1131 1299 1189 improbe
1330 1133 1543 1173 sactorum
1574 1133 1675 1186 (τῆς

197 1188 420 1247 ἁμαρτίας
471 1191 583 1233 fines
613 1191 756 1232 auctis
787 1205 865 1247 per
891 1190 1035 1245 legem
1064 1204 1173 1233 mos.
1206 1189 1397 1246 peccatis
1418 1187 1674 1246 proferendi

196 1252 342 1292 erant.
443 1262 545 1291 orro
565 1249 827 1290 sententiam
853 1261 983 1304 quam
1008 1245 1150 1288 Paulo
1177 1245 1415 1288 tribuimus
1436 1261 1476 1289 v,
1503 1248 1570 1289 10.
1600 1244 1673 1299 (τὸ

197 1305 250 1348 δὲ
267 1302 465 1361 χάρισμα
496 1304 552 1348 ἐκ
579 1305 805 1346 πολλῶν
835 1301 1305 1359 παραπτωμάτων
1335 1301 1400 1353 εἷς
1428 1301 1671 1355 δικαίωμα)

195 1361 342 1405 fulcit.
412 1361 530 1404 Tum
558 1361 830 1419 persimilem
861 1361 1123 1403 sententiam
1150 1358 1201 1404 P.
1223 1360 1324 1403 Gal.
1344 1360 1394 1412 3,
1413 1361 1480 1402 19.
1502 1373 1570 1415 sq.
1599 1373 1673 1401 ex-

197 1418 372 1476 posu1t‚
400 1423 450 1460 ut
478 1418 587 1460 bene
615 1417 726 1460 vidit
760 1419 978 1470 ὺὶςίενῐιιες
1015 1432 1277 1474 quamquam
1305 1423 1427 1458 totus
1455 1417 1486 1458 1.
1512 1416 1613 1459 Gal.
1632 1415 1675 1467 3,

197 1475 272 1520 15.
291 1500 346 1509 -
375 1475 420 1528 4,
441 1476 484 1519 7.
514 1474 755 1518 doctiorem
795 1480 839 1517 et
875 1475 1152 1516 subtiliorem
1205 1489 1335 1530 quum
1363 1473 1673 1515 vocabulorum

197 1537 293 1575 tum
313 1533 630 1574 sententiarum
647 1565 659 1584 ‚
689 1546 818 1588 quam
840 1546 949 1586 quae
969 1531 1193 1586 hucusque
1224 1531 1264 1572 ei
1294 1530 1504 1584 contigit,
1535 1530 1673 1571 inter-

195 1589 490 1647 pretationem
509 1588 748 1632 desiderat.
811 1586 1045 1630 Postremo
1078 1587 1154 1628 illa
1187 1588 1430 1638 sententia,
1463 1593 1673 1642 quantum

197 1661 282 1701 ego
301 1646 527 1700 intelligo,
558 1646 735 1687 minime
755 1660 851 1687 cum
876 1644 934 1686 iis
954 1644 985 1687 1.
1009 1650 1202 1701 pugnat,
1232 1644 1304 1685 ubi
1331 1643 1378 1687 Ρ.
1401 1644 1541 1698 legem
1564 1658 1676 1687 moS.

197 1707 395 1745 sanctam
414 1717 515 1744 esse
537 1701 722 1758 ideoque
747 1702 1068 1759 promulgatam
1090 1700 1219 1753 dicit,
1249 1708 1294 1742 ut
1316 1701 1511 1742 homines
1536 1702 1576 1742 ei
1597 1700 1675 1741 ob-

199 1764 501 1816 temperarent
532 1759 876 1814 innocenterque
910 1759 1107 1799 viverent
1139 1764 1199 1812 (v.
1222 1756 1369 1800 Reicle.
1396 1758 1451 1800 cl.
1472 1758 1513 1808 7,
1537 1759 1580 1799 7.
1606 1757 1673 1799 12.

200 1818 228 1860 1
253 1816 373 1859 Tim.
396 1817 436 1868 1,
455 1818 536 1869 9.).
600 1815 780 1857 Scilicet
802 1828 888 1855 non
915 1814 1090 1867 negavit
1119 1814 1197 1855 hoc
1228 1819 1380 1855 nostro
1400 1815 1431 1857 l.
1456 1812 1534 1864 P.;
1565 1812 1678 1854 illud

200 1872 501 1925 asseveravit,
551 1871 650 1914 Deo
683 1870 801 1927 quod
830 1870 1079 1912 bominibus
1112 1870 1157 1910 in
1195 1870 1379 1911 vetitum
1418 1870 1501 1911 niti
1533 1870 1676 1911 suetis

200 1930 290 1974 div.
312 1930 434 1983 leges
454 1928 743 1986 cupiditatum
764 1926 1010 1970 incendium
1043 1927 1314 1968 excitaturas
1342 1940 1441 1969 esse
1470 1926 1677 1968 scivisset

199 1989 265 2043 (7,
281 1988 323 2031 5.
343 1988 387 2031 8.
411 2001 479 2043 sq.
515 1988 539 2028 1
562 1985 664 2029 Cor.
687 1985 763 2037 15,
783 1985 878 2036 56.)
916 1983 1132 2041 potiorem
1167 1998 1368 2035 causam,
1417 1997 1495 2025 eur
1531 1984 1677 2039 legem

199 2060 312 2088 mos.
331 2042 681 2101 scribi-juberet,
711 2043 820 2084 hanc
849 2041 1014 2093 fuisse,
1053 2046 1100 2082 ut
1127 2046 1303 2097 peccata
1331 2041 1453 2082 multi
1474 2040 1678 2082 Jlicaren-

200 2108 290 2145 tur.
348 2100 509 2158 ltaque
541 2114 671 2158 quam
698 2098 1026 2141 sanctissimum
1055 2112 1212 2139 numen
1244 2098 1384 2152 legem
1414 2056 1598 2149 tulerat,
1632 2104 1679 2139 ut

201 2159 434 2202 observata
457 2159 713 2215 prodesset,
741 2170 790 2198 ea
817 2161 865 2197 ut
883 2156 1081 2208 neglecta
1102 2161 1145 2197 et
1172 2161 1387 2196 contemta
1419 2156 1570 2210 generi
1599 2155 1679 2197 hu-

203 2230 334 2259 mano
361 2215 499 2257 saluti
525 2221 646 2257 esset
683 2213 770 2256 div.
798 2212 1098 2270 providentia,
1145 2227 1256 2268 quae
1291 2226 1435 2253 rerum
1465 2227 1678 2254 summam

203 2272 537 2330 complectitur,
565 2270 752 2326 benigne
772 2270 984 2313 instituit.
1041 2268 1199 2311 Voluit
1218 2268 1344 2311 Deus
1368 2284 1445 2326 pro
1467 2270 1547 2310 sua
1579 2285 1679 2312 san·

204 2331 384 2382 ctitate,
414 2334 463 2371 ut
481 2329 680 2372 homines
701 2329 798 2381 lege
820 2341 929 2370 nmS.
950 2341 998 2368 se
1017 2325 1073 2368 ad
1102 2326 1378 2368 honestatem
1408 2327 1588 2368 formari
1619 2326 1679 2368 si-

206 2392 389 2439 nerent3
419 2388 524 2429 tulit
549 2401 655 2439 ergo
682 2385 832 2436 illam,
862 2390 908 2425 ut
940 2384 1120 2426 virtutis
1150 2390 1271 2425 esset
1301 2385 1529 2438 magistra.
1590 2382 1678 2426 Sed

207 2445 286 2501 qui
313 2445 511 2486 homines
547 2443 648 2485 inde
678 2440 886 2500 peccandi
918 2440 1142 2482 licentiam
1175 2446 1420 2491 sumturos,
1452 2439 1564 2482 unde
1591 2455 1678 2483 mo-

208 2516 307 2544 rum
333 2502 547 2543 sauctitas
578 2498 763 2558 petenda
795 2504 910 2540 esset
946 2499 1107 2550 sciret,
1138 2497 1250 2539 illud
1279 2499 1478 2554 profecto
1507 2498 1677 2540 intelle-

209 2558 303 2610 xit,
341 2573 479 2612 genus
512 2559 743 2599 humanum
778 2554 945 2599 Adami
974 2556 1167 2597 facinore
1197 2563 1335 2596 morte
1361 2554 1605 2596 demersum
1633 2553 1675 2594 in

210 2615 345 2658 vitam
374 2616 544 2657 extrahi
575 2630 659 2656 non
693 2629 847 2671 posse,
885 2612 972 2655 nisi
998 2618 1272 2667 peccanti-mn
1301 2613 1421 2654 venia
1454 2611 1531 2653 hoc
1552 2618 1674 2668 parto

213 2671 702 2727 clementerproposita,
734 2676 778 2712 ut
812 2669 919 2711 tides
947 2669 1202 2711 haberetur.
1270 2670 1416 2725 Atqui
1446 2676 1561 2709 certe
1587 2666 1673 2707 lar-

213 2729 394 2781 gissima
428 2744 524 2768 esse
550 2729 634 2770 Dei
670 2742 849 2769 munera
882 2741 960 2784 par
990 2733 1074 2768 est.
1134 2727 1284 2781 Quare
1314 2733 1357 2767 ut
1395 2725 1575 2767 maxima
1603 2739 1675 2764 vx·

214 2787 394 2830 sisteret
413 2784 501 2833 div.
523 2785 779 2829 clementiae
802 2785 989 2841 largitas
1011 2784 1053 2832 h.
1075 2799 1113 2831 c.
1133 2790 1179 2827 ut
1209 2799 1345 2840 genus
1379 2783 1606 2826 humanum
1636 2781 1678 2822 in
