1752 3347
144 210 224 252 104
393 205 795 250 EPISTULA
830 204 931 246 AD
964 201 1326 246 ROMANOS

136 315 204 358 ἔτι
232 315 325 355 καὶ
348 312 539 369 κρίνομ
555 327 610 353 αι
631 308 688 360 ὡς
710 306 996 365 ἁμαρτωλόςς
1027 308 1176 365 Quare
1200 305 1274 349 καί
1290 305 1346 348 ad
1367 304 1450 361 ἐγώ
1469 310 1604 365 perti-

135 376 228 423 net,
260 384 442 439 quocum
466 367 516 411 P.
537 367 828 419 consociavit,
856 370 904 406 ut
917 362 1034 420 κάγώ
1055 368 1114 408 sit
1126 361 1605 421 eyoquoque(Paulus).

135 429 207 469 καί
223 444 283 483 μη
308 450 359 458 —-
381 451 432 458 --
454 424 508 466 τὰ
540 420 689 478 ἀγαθά
704 425 736 479 ,·]
769 422 950 464 obtinet
968 422 1010 466 h.
1033 424 1065 466 l.
1088 424 1298 464 usitatum
1329 421 1606 463 attractionis

133 499 296 539 genus,
334 496 420 539 quo
444 480 622 522 verbum
655 479 710 521 ad
742 479 994 537 primariam
1022 479 1282 522 sententiam
1314 478 1607 519 necessarium

134 541 189 583 ab
210 538 436 597 interjecta
460 536 679 578 sententia
701 535 1003 594 suspenditur.
1060 536 1190 579 Plato
1208 533 1382 577 Phileh.
1405 533 1476 577 29.
1495 530 1610 575 Τόδε

135 615 181 657 γε
208 589 328 655 μήν,”
364 596 429 650 ὡς
462 595 593 656 οἶμαι
608 632 622 651 ,
668 599 773 652 περὶ
803 594 937 638 αὐτοῦ
969 593 1314 653 ἀναγκαιότατον
1344 592 1463 640 εἶναι
1492 593 1610 651 (ἐστὶ

135 660 413 703 scribendum
434 661 600 716 fuerat)
622 658 785 715 λέγειν,
815 653 872 706 ὡς
892 680 959 699 -.
991 658 1081 701 Cic.
1104 657 1156 699 de
1178 672 1226 699 re
1246 658 1367 714 publ.
1391 657 1509 710 Ι,37,
1520 654 1609 698 58..

136 716 211 769 Si,
240 721 288 759 ut
309 719 466 761 Graeci
489 719 660 769 dicunt,
699 727 847 756 omnes
878 718 954 755 aut
985 714 1148 770 Grajos
1177 730 1267 756 esse
1295 720 1370 756 md
1402 714 1610 758 barbaros

134 775 517 830 (exspectaverasz
547 786 696 817 omnes
716 777 792 812 aut
815 768 948 824 Graji
966 776 1066 813 sum
1087 776 1161 812 au!
1187 771 1406 827 barbari),
1438 783 1608 821 vereor,

135 845 186 872 ne
207 830 491 874 harbarorum
512 846 587 874 rex
609 828 744 872 fuerit
766 851 834 869 —-.
895 827 962 871 Cf.
985 828 1137 870 Herm.
1159 827 1213 868 ad
1235 826 1342 883 Vig.
1369 844 1411 886 p.
1432 829 1536 870 744.
1566 829 1610 867 et

133 887 234 930 894.
254 887 516 932 Stallbaum.
545 886 600 930 ad
621 886 739 929 Plat.
764 882 934 927 Phileb.
965 885 996 928 l.
1026 885 1057 927 l.
1086 889 1129 926 et
1158 884 1358 928 Dissert.
1388 900 1526 928 meam
1557 881 1607 925 ΙΙ

135 942 238 986 ad2
259 958 327 1003 ep.
348 945 404 988 ad
425 944 526 989 Cor.
557 960 600 1002 p.
632 943 729 986 145.
760 954 846 996 sq..
906 940 977 982 lta
1007 939 1058 984 P.
1091 942 1170 982 hoc
1203 940 1426 985 dicturus:
1465 947 1506 984 et
1535 954 1611 982 cur

133 1016 216 1042 mm
236 1002 353 1044 mula
366 1007 593 1058 perpetro,
630 1005 676 1042 ut
702 999 808 1041 bona
839 997 973 1039 locum
1000 992 1219 1039 habeant?
1260 998 1333 1039 καὶ
1361 998 1447 1054 (τί)
1471 997 1529 1054 μὴ
1556 1020 1610 1027 —-

133 1083 189 1088 ——
210 1059 425 1112 ποιοῦμεν
442 1059 494 1099 τὰ
516 1057 650 1106 κακὰ,
680 1054 751 1097 ἵνα
771 1050 885 1109 ἔλθῃ
904 1054 958 1095 τὰ
979 1050 1130 1107 ἀγαθά
1143 1071 1155 1104 ;
1183 1053 1378 1108 verbum,
1412 1069 1496 1111 quo
1518 1053 1609 1112 pri-

136 1114 270 1156 maria
292 1115 510 1157 sententia
532 1116 627 1171 (καὶ
646 1111 690 1154 τί
709 1108 768 1165 μὴ
793 1110 865 1162 -)
888 1109 1154 1152 absolvenda
1177 1114 1271 1152 erat
1293 1125 1345 1152 ex
1364 1110 1610 1171 interjectis

141 1191 257 1222 vocc.
280 1176 434 1227 καθ-ὠς
460 1172 853 1231 βλασφιζμού,ιιεθα
883 1173 958 1214 καὶ
987 1170 1173 1225 καθώς
1204 1169 1328 1233 φασί
1354 1189 1469 1224 τινες
1498 1168 1612 1231 ἡμᾶς

136 1235 314 1301 λέγειν,
354 1237 424 1283 ὅτι
449 1233 729 1296 ποιήσαιμεν
752 1258 831 1274 -.
870 1237 969 1290 apta
991 1234 1151 1286 voluit,
1195 1250 1275 1292 pro
1304 1235 1468 1291 ingenii
1497 1234 1610 1276 cele-

135 1301 266 1343 ritate
290 1303 353 1344 sic
372 1300 609 1343 contractis
630 1295 906 1339 notionibus:
945 1298 986 1335 et
1006 1309 1083 1337 cur
1102 1310 1205 1348 non,
1249 1294 1608 1353 quemadmodum

135 1371 217 1414 per
253 1358 559 1400 coutumeliam
599 1356 745 1397 facere
777 1364 940 1406 arguor
970 1355 1014 1392 et
1041 1354 1390 1407 quemadmodum
1419 1352 1611 1395 nonrmlli

137 1429 204 1456 me
223 1415 405 1457 dicere
424 1413 704 1456 contendunt:
732 1408 849 1467 faci
862 1423 888 1449 α
900 1422 940 1448 m
953 1422 1011 1449 us
1040 1409 1250 1452 malorum
1272 1415 1502 1453 sementem
1516 1442 1528 1462 ‚
1561 1415 1609 1450 ut

136 1471 394 1528 proveniant
415 1465 559 1513 hona?
598 1467 761 1511 Utrum
792 1466 867 1506 καὶ
892 1461 937 1505 τί
962 1463 1024 1519 μὴ
1055 1490 1108 1496 -
1138 1469 1419 1520 ποιοῦμεν
1446 1464 1500 1508 τὰ
1527 1481 1611 1507 κα-

136 1524 192 1568 κά
211 1553 254 1558 —
275 1543 286 1579 ;
316 1528 383 1583 (et
402 1542 479 1569 cur
499 1541 583 1568 non
599 1523 796 1583 improbe
817 1534 895 1576 ‘¹90
913 1519 1036 1574 —?)‚
1052 1536 1105 1562 an
1128 1524 1202 1565 καὶ
1221 1522 1265 1565 τί
1281 1522 1340 1578 μὴ
1369 1549 1415 1554 -
1439 1522 1610 1564 ποιῶ-

134 1599 232 1635 μεν
252 1583 306 1625 τὰ
328 1583 439 1626 κακά
461 1601 539 1633 -,·
570 1584 636 1638 (et
654 1595 731 1623 cur
761 1592 844 1620 non
874 1577 1069 1633 improbe
1098 1593 1221 1633 aqum
1244 1583 1342 1632 —;)
1381 1577 1433 1623 P.
1464 1578 1609 1620 dicere

135 1641 441 1693 constituerit,
472 1638 525 1682 dc
553 1654 603 1681 co
626 1654 719 1679 cum
743 1633 913 1677 nemine
934 1634 1165 1688 ambigam.
1227 1635 1475 1693 Utrumque
1495 1636 1609 1677 enim

137 1702 254 1739 recte
290 1703 478 1754 apteque
509 1695 715 1738 dixisset.
784 1691 898 1734 Mire
929 1690 1086 1735 Rueck.
1119 1692 1453 1752 Conjunctivum
1484 1692 1610 1748 flagi-

137 1757 232 1796 tare
251 1750 314 1810 μή
335 1753 657 1796 deliberativum
679 1751 786 1806 (sic)
807 1747 1059 1791 affirmavit.
1120 1748 1263 1804 Quasi
1291 1765 1392 1792 vero
1424 1763 1509 1792 non
1539 1763 1609 1791 re-

135 1818 206 1856 cte
233 1818 529 1871 comparatum
558 1813 617 1854 sit
645 1813 718 1853 καὶ
747 1810 790 1852 τί
816 1806 881 1867 311]-
915 1834 968 1840 —
997 1813 1275 1864 ποιοῦμεν
1302 1809 1356 1852 τὰ
1385 1806 1498 1851 κακά
1529 1827 1609 1860 -;

144 1888 277 1931 quum
297 1870 357 1929 μή
378 1873 434 1915 ad
453 1887 545 1914 rem
567 1874 796 1927 coye'mlctm
817 1873 893 1927 (cs.
914 1887 955 1916 v,
978 1872 1020 1913 7.
1041 1871 1077 1914 ,21³
1107 1870 1188 1929 γάρ
1222 1891 1257 1915 κ.
1287 1890 1323 1916 τ.
1355 1876 1414 1928 λ.)
1444 1874 1609 1916 resera—

141 1942 240 1987 tur3
270 1934 326 1977 cs.
345 1935 498 1978 Herm.
520 1933 575 1975 ad
594 1934 701 1988 vig.
731 1948 774 1990 p.
793 1935 913 1977 804..
973 1933 1061 1977 Sed
1090 1934 1328 1984 falluntur,
1363 1935 1610 1998 quicunque

137 1990 441 2035 attractionem
465 1991 523 2032 ita
548 1992 799 2041 resolvunt,
831 1996 877 2032 ut
898 1995 997 2047 post
1016 1990 1070 2032 τὰ
1093 1987 1243 2043 ἀγαθά
1271 1993 1503 2049 suppleant
1534 1991 1583 2033 Λὲ
1603 2019 1605 2021 -

139 2063 269 2105 γομεν
291 2052 350 2103 (v.
372 2064 409 2091 c.
434 2046 610 2102 Morus)
633 2063 671 2091 s.
691 2046 877 2100 ἐροῦμεν
894 2047 1144 2102 (Benecl··.).·
1183 2053 1224 2090 e!
1254 2063 1328 2090 cm·
1354 2063 1459 2101 nou,
1489 2053 1535 2090 ut
1557 2073 1610 2079 —-

139 2131 194 2137 —
216 2106 414 2147 nonnulli
437 2119 516 2145 nos
539 2105 678 2147 dicere
696 2104 940 2147 affirmant:
969 2104 1186 2160 suciamus
1203 2110 1285 2148 etc.
1317 2105 1495 2147 dicimus
1523 2105 1609 2161 (di-

139 2157 371 2212 camus?)?
400 2160 516 2218 quod
537 2161 631 2202 fieri
653 2165 820 2218 posset,
850 2161 889 2203 si
911 2161 1004 2218 Ap.
1025 2161 1213 2211 καθώς
1232 2161 1383 2216 λέγει
1399 2179 1420 2202 ν
1440 2162 1611 2212 βλας-

139 2233 255 2275 φημ
271 2233 371 2272 ουμ
387 2234 405 2260 ε
421 2222 493 2259 θα
542 2217 813 2274 scripsisset.
891 2218 961 2260 At
1015 2232 1146 2274 quum
1196 2217 1280 2260 duo
1336 2217 1610 2270 distinxerit,

142 2290 272 2317 unum
311 2273 462 2325 καθὼς
496 2275 910 2330 βλασφημοῦμεθα,
959 2275 1145 2316 alterum
1176 2272 1328 2324 καθώς
1360 2274 1474 2331 φασί
1498 2291 1612 2325 τινες

141 2326 256 2388 ἡμᾶς
275 2329 456 2386 λέγειν
473 2335 517 2373 et
536 2335 773 2388 appareat,
803 2329 858 2372 ad
880 2332 1030 2381 καθὼς
1049 2331 1164 2383 βλασ
1208 2331 1443 2387 ιχμοιῖμεθα
1468 2337 1611 2374 mente

141 2386 383 2430 addendum
402 2402 499 2430 esse
522 2403 556 2429 π
570 2403 592 2429 ο
606 2390 737 2436 ιεῖν,
774 2402 858 2444 quo
882 2388 1065 2430 fecimus
1085 2345 1210 2429 mogo
1232 2389 1437 2430 attractio
1457 2389 1611 2445 utique

142 2444 398 2502 exponenda
419 2450 502 2488 est.
562 2443 746 2499 Singula
768 2459 942 2497 eorum,
983 2445 1056 2511 qui
1080 2445 1263 2487 Graecis
1289 2447 1610 2502 frequentatam

142 2502 448 2544 attractionem
469 2502 768 2557 ignorassent,
799 2502 866 2543 vel
887 2502 1073 2544 consulia
1096 2503 1163 2544 vel
1184 2510 1421 2545 couuuenta
1446 2503 1610 2545 referre

145 2557 252 2600 nihil
279 2559 450 2602 attinet.
508 2557 704 2613 Quorum
729 2558 874 2608 Beza,
914 2565 961 2600 ut
992 2573 1030 2601 v,
1065 2562 1151 2601 καὶ
1181 2575 1210 2611 μ
1229 2559 1252 2615 ιζ
1281 2575 1377 2601 ποι
1396 2556 1610 2615 ιζῖσωμεν

148 2640 198 2647 -
219 2611 468 2668 ιάῑιῖγαθὼ
504 2616 810 2663 cohaererent.
843 2615 912 2658 ὅτι
933 2614 1178 2657 redundare
1206 2617 1389 2673 putavit.
1450 2615 1606 2658 Eodem

148 2670 231 2711 fine
253 2670 424 2712 liin-arii
443 2672 499 2715 G.
519 2674 590 2716 76.
612 2671 693 2716 Mt.
715 2672 759 2716 k.
780 2671 845 2714 ὅτι
868 2673 1111 2714 omiserunt
1135 2678 1179 2728 (e
1210 2674 1441 2723 corn-oct).
1476 2672 1608 2725 Vulg-

154 2725 300 2781 pelag.
323 2729 382 2770 al.
408 2743 487 2770 non
507 2734 755 2778 verterunt,
793 2729 972 2771 Walle‘us
992 2727 1058 2772 ἔτι
1078 2729 1260 2788 conjecit
1287 2746 1364 2788 pro
1387 2729 1470 2776 ὅτι.
1500 2729 1607 2769 Gro-

152 2784 236 2825 tius
251 2783 311 2839 w)
339 2810 388 2814 ——
412 2781 477 2825 ὅτι
497 2800 579 2851 pro
604 2784 673 2828 ὅτι
698 2784 759 2842 μή
790 2787 981 2844 positum
1012 2801 1111 2829 esse
1142 2787 1273 2843 idque
1311 2800 1463 2828 rursus
1495 2782 1606 2825 idem

150 2841 294 2882 valere
316 2839 430 2896 quod
458 2856 469 2879 1
489 2858 499 2879 ι
523 2857 551 2889 μ
568 2841 591 2894 a}
621 2857 694 2886 -<:
721 2859 797 2885 eur
813 2859 893 2885 non
914 2839 997 2885 —‘?
1026 2845 1105 2897 (cl'.
1134 2851 1223 2886 not.
1252 2842 1305 2884 acl
1329 2842 1463 2884 Marc.
1482 2842 1609 2884 9.11.
