1752 3347
517 122 675 168 CAP,
713 122 795 167 V'l.
846 123 932 167 Vs.
966 121 1048 165 14..
1417 117 1503 160 409

33 234 187 277 christ.
203 246 334 289 quum
348 231 555 275 lavandos
571 246 618 273 se
630 231 938 289 praebuissent
952 227 1250 284 suscepissent
1261 240 1301 269 v.
1315 225 1354 266 2.
1368 249 1418 256 -
1431 225 1502 270 11.

35 291 214 332 uberius
241 289 504 356 disputavit,
548 289 703 331 deinde
735 289 923 330 lectores
951 301 1003 328 ne
1024 285 1168 327 oslieio
1191 298 1270 325 suo
1299 282 1503 324 deessent

35 361 176 403 neque
201 359 353 403 paucis
383 352 426 388 ct
453 346 662 399 gravibus
682 345 827 388 verbis
859 343 1082 385 admonuit
1109 356 1148 385 v.
1171 341 1239 383 12.
1265 341 1329 383 Ι3.
1347 373 1356 389 ,
1395 354 1502 396 pau-

35 402 228 446 cissimis
255 403 478 445 vocabulis
504 403 698 459 adeoque
726 402 950 453 obscuris,
998 404 1047 441 ut
1078 398 1164 439 nisi
1201 398 1258 438 iis
1289 396 1505 449 collectis,

35 473 148 516 quae
169 458 261 516 Ap.
294 459 346 501 de
372 460 486 513 legis
507 474 616 501 mOS.
647 463 691 499 ct
710 458 797 501 div.
817 457 1074 498 clementiae
1094 454 1148 495 ad
1168 452 1502 511 promovendam

34 517 242 559 virtutem
264 517 304 559 vi
325 517 488 572 passim
510 516 554 556 in
575 515 764 556 diversis
785 514 992 570 epistolis
1016 512 1336 564 significasset,
1365 524 1419 550 ne
1440 510 1506 551 in-

37 573 185 627 telligi
223 572 396 630 quidem
430 575 634 628 possent,
681 571 887 612 solatium
927 569 1172 620 includere,
1221 581 1305 623 quo
1334 566 1506 607 facilem

33 629 301 682 lectoribus,
339 642 468 684 quam
494 627 546 669 de
570 625 756 669 Peccato
776 627 1046 683 reportaturi
1065 630 1241 677 essent,
1276 623 1507 665 victoriam

37 687 309 729 ominaretur
332 699 373 728 v.
396 685 484 727 14..
543 683 638 727 Imo
662 686 802 737 legem
825 687 1065 740 sequutus,
1095 697 1222 738 quam
1245 695 1316 721 res
1338 685 1382 722 et
1403 695 1509 721 suus

37 743 195 799 cuique
214 756 373 785 sensus
397 742 525 784 facile
544 741 865 792 subministrat,
895 741 945 782 ea
965 744 1056 781 tum
1082 737 1397 796 perspicuitate
1418 741 1510 778 tum

37 799 240 842 ubertate
269 797 381 841 illud
411 799 616 841 solatium
647 797 700 842 P.
721 797 1017 850 enuntiasset,
1067 811 1177 853 quae
1207 794 1512 853 praecedentis

38 856 256 900 orationis
284 855 423 898 indoli
449 854 754 914 responderet.
828 855 956 897 Facit
985 868 1079 895 cum
1104 854 1160 895 iis
1180 851 1513 909 interpretibus,

38 928 224 971 quorum
243 913 506 955 sententiam
526 912 652 955 modo
670 912 1041 970 impugnavimus,
1077 911 1122 952 in
1152 912 1316 952 summa
1338 924 1386 951 re
1410 908 1514 950 Rei-

41 971 184 1023 chz'us,
213 968 293 1012 sed
314 984 393 1011 suo
417 975 563 1012 tamen
583 969 708 1012 modo
737 985 777 1013 v.
801 969 852 1012 οὐ
876 966 958 1025 γάρ
979 967 1077 1010 ἐστε
1098 964 1135 1009 ὖ.
1159 986 1220 1016 v„
1253 963 1291 1009 ἃ.
1317 963 1354 1008 ὖ.
1374 982 1411 1018 χ.
1434 979 1512 1007 ex-

39 1027 211 1085 posuit:
263 1025 498 1069 Peccatum
527 1031 791 1085 potestatem
819 1028 863 1070 in
890 1041 966 1069 vos
986 1025 1147 1068 habere
1167 1039 1251 1066 non
1272 1023 1395 1082 passi
1415 1022 1515 1064 Deo

42 1084 206 1127 servite
236 1097 278 1128 v.
303 1084 373 1127 12.
394 1085 478 1129 13..
561 1084 677 1127 Nam
707 1083 938 1126 Peccatum
969 1082 1203 1140 imperium
1235 1082 1281 1123 in
1311 1095 1387 1123 vos
1428 1094 1515 1121 non

43 1141 336 1183 exerciturum
367 1155 467 1183 esse
498 1141 623 1183 vohis
651 1142 876 1199 promitto.
950 1138 1109 1196 Neque
1141 1138 1254 1180 enim
1280 1138 1370 1193 legi
1393 1151 1519 1188 mos„

48 1198 136 1255 qua
169 1202 278 1240 teste
307 1198 661 1254 experientia
692 1201 741 1252 l,
761 1199 832 1241 32.
862 1198 913 1250 2,
937 1198 976 1240 l.
997 1211 1065 1253 sq.
1096 1197 1205 1249 3,9.
1235 1210 1303 1251 sq.
1328 1195 1517 1237 homines

48 1255 105 1298 ad
133 1254 602 1310 improbitatem-‹abusi
626 1261 750 1308 sunt,
787 1254 865 1297 sed
887 1254 1144 1309 clementiae
1168 1252 1280 1306 div„
1319 1252 1518 1308 adquam

48 1311 120 1367 qui
148 1325 194 1353 se
220 1312 602 1355 comrerterv'nt'eos
631 1312 802 1355 honeste
830 1312 968 1355 viz-ere
985 1316 1151 1366 oportet
1169 1312 1211 1363 6,
1231 1311 1274 1353 2.
1294 1323 1394 1365 sqq.
1415 1306 1519 1349 sub-

40 1367 151 1427 jecti
179 1367 306 1414 estis:
383 1368 565 1412 Scilicet
595 1369 863 1421 sententias,
884 1374 889 1378 ’
911 1383 1020 1424 quas
1050 1368 1118 1409 illi
1141 1366 1195 1408 ad
1223 1380 1341 1409 voce.
1364 1360 1414 1406 οὐ
1436 1360 1520 1419 γάρ

47 1423 146 1467 ἐστε
165 1419 207 1468 ὓ.
229 1440 265 1467 ν.
280 1457 292 1479 ,
327 1421 366 1467 ἆ.
396 1421 438 1469 ἶ).
463 1442 500 1479 χ.
516 1427 869 1483 explanationem
891 1426 1191 1477 extrinsecuS,
1220 1424 1251 1466 i.
1274 1438 1314 1466 e.
1346 1436 1397 1463 ex
1416 1421 1520 1462 aliis

45 1479 100 1526 P.
126 1481 263 1535 locis,
299 1483 637 1526 arcessivissent
654 1498 740 1525 non
760 1498 859 1525 esse
878 1480 1111 1524 Paullinas
1137 1482 1197 1524 V.
1218 1481 1279 1524 D.
1308 1479 1393 1521 sihi
1419 1492 1522 1536 per-

0 1573 1 1576 *
47 1542 266 1582 suaserat.
323 1538 566 1594 Rueck-ert„
594 1542 661 1583 cui
682 1554 822 1596 neque
843 1539 1117 1596 antiquiores
1141 1552 1283 1594 neque
1304 1536 1522 1578 recentio-

0 1607 2 1652 ᾗ
46 1610 122 1638 res
149 1596 417 1653 interpretes
446 1596 517 1638 hic
551 1598 875 1639 satisfecissent
903 1611 947 1653 p.
968 1597 1091 1651 266„
1135 1610 1288 1638 nomm
1317 1592 1523 1636 videlicet

0 1653 3 1684 ἰ
45 1652 250 1708 nullique
280 1652 548 1695 dubitationi
577 1654 806 1696 obnoxiam
835 1654 967 1712 hujus
996 1654 1030 1696 l.
1060 1651 1399 1709 explicationem
1421 1664 1524 1706 pro-

0 1727 4 1739 2
48 1709 220 1767 posuit:
250 1710 372 1752 nulla
396 1709 581 1753 Peccato
601 1714 820 1768 potestate
840 1709 1049 1751 concessa
1068 1709 1214 1750 Deum
1235 1707 1368 1749 colite
1389 1721 1430 1750 v.
1455 1706 1525 1750 12.

50 1765 122 1809 13.
183 1765 274 1820 [Po
286 1781 370 1816 sse
397 1767 473 1808 lzoc
499 1781 574 1810 vos
600 1766 750 1823 fucere
777 1771 939 1808 eertum
968 1766 1084 1819 est.].
1144 1765 1262 1806 Nam
1289 1762 1526 1805 Peccatum

48 1822 281 1879 imperium
312 1822 357 1863 in
385 1836 464 1864 vos
492 1837 579 1863 non
600 1823 852 1864 habiturum
873 1836 973 1864 esse
992 1821 1118 1863 vobis
1143 1821 1373 1877 polliceor.
1433 1818 1525 1862 Ne-

51 1893 136 1935 que
155 1879 268 1919 enim
286 1877 376 1931 legi
394 1891 503 1921 mos,
522 1879 799 1933 (imperiosae
817 1879 1037 1930 dominae,
1067 1891 1149 1918 non
1177 1877 1378 1931 beniynae
1397 1875 1526 1931 (trtiu-

51 1935 176 1988 trice,
206 1949 314 1991 qnae
330 1934 440 1976 vires
460 1935 518 1976 ad
535 1935 735 1977 virtutem
758 1935 1032 1989 suppeditet),
1061 1932 1138 1975 sed
1161 1932 1248 1976 div.
1269 1933 1526 1974 clementiae

53 1993 184 2090 gqmce
209 1995 480 2046 peecatorum
508 1991 673 2033 veniam
699 1992 833 2034 clatet
851 1991 934 2034 dir.
957 1991 1156 2045 spirltum
1185 1990 1391 2045 Iarye'tur)
1422 1989 1527 2031 suh-

86 2048 138 2090 iti
164 2048 290 2090 estis.
356 2045 579 2089 Nimirum
605 2047 686 2088 hoc
702 2061 852 2089 novum
870 2047 1101 2090 consilium
1128 2062 1223 2089 cum
1246 2061 1394 2088 eorum
1418 2046 1529 2088 bene

54 2105 293 2147 multorum
325 2104 552 2161 opinione,
600 2104 677 2160 qui
705 2104 853 2161 priore
881 2119 946 2148 VS.
981 2105 1052 2148 14.
1090 2105 1284 2146 membro
1314 2104 1532 2160 Apostoli

53 2162 257 2205 solatium
279 2161 440 2217 exponi
461 2161 763 2213 affirmarunt,
792 2162 924 2219 plane
945 2162 1148 2216 congruit
1167 2164 1228 2216 (v.
1255 2162 1424 2218 supra),
1443 2160 1533 2202 nisi

58 2217 176 2275 quod
196 2232 289 2260 eam
309 2218 468 2261 Rueck.
488 2233 568 2259 suo
600 2217 786 2274 quodam
809 2233 959 2260 errore
981 2220 1112 2260 etiam
1131 2218 1393 2260 deteriorem
1411 2218 1532 2262 fecit.

56 2274 175 2318 Nam
208 2272 290 2330 γάρ
321 2275 472 2332 prius,
521 2274 638 2331 quod
667 2275 736 2325 illj
766 2275 821 2316 ab
842 2274 1125 2333 Imperativis
1155 2290 1196 2319 v.
1218 2276 1286 2319 12.
1313 2275 1380 2317 13.
1411 2279 1531 2316 recte

58 2331 380 2389 suspenderant
411 2331 567 2387 (facite
597 2346 708 2388 quae
738 2333 835 2374 volo
867 2347 908 2376 v.
931 2334 1000 2376 12.
1026 2334 1119 2385 13.;
1167 2347 1252 2374 nou
1274 2332 1387 2373 enim
1409 2332 1532 2373 vobis

58 2388 240 2449 injungo
273 2403 385 2445 quae
413 2389 531 2430 vires
564 2394 735 2431 vestras
775 2389 1029 2443 excedant),
1075 2394 1240 2432 temere
1276 2389 1434 2433 Rueck.
1476 2404 1529 2431 ex

19 2451 21 2458 ¹
62 2446 227 2488 omissa
267 2444 486 2488 sententia
528 2448 588 2501 (v.
615 2447 770 2503 supra)
808 2452 956 2504 aptum
987 2446 1221 2490 dictitavit.
1251 2446 1320 2489 Cf.
1351 2450 1441 2488 not.
1476 2445 1532 2487 ad

63 2502 225 2546 Matth.
245 2517 290 2559 p.
313 2503 409 2545 186.
441 2501 550 2545 Luc.
573 2501 692 2546 Tim.
715 2517 752 2546 c.
774 2504 842 2547 18.
899 2505 1104 2553 Πλοῦτος
1137 2506 1240 2559 [non
1272 2517 1367 2545 sum
1387 2502 1533 2545 abitu·
1590 2505 1600 2515 '

65 2564 168 2612 rus‘,
193 2557 272 2600 οὐκ
302 2552 479 2612 ἄπειμι]
505 2557 689 2609 Ἐκεῖνος
717 2559 807 2614 γὰρ
839 2557 948 2602 πότε
973 2557 1193 2602 παύσεται
1213 2587 1268 2592 -
1293 2578 1367 2611 -,·
1398 2575 1435 2603 c.
1456 2560 1530 2603 24.

66 2614 270 2664 Πλοῦτος
292 2616 482 2670 [Nuyae]
510 2613 608 2657 Οἴει
638 2616 735 2671 γὰρ
765 2614 981 2673 εὑρίσκειν
1002 2632 1056 2669 με
1078 2614 1235 2667 οἵτινές
1263 2616 1375 2670 εἶσις
1406 2616 1531 2672 Quae

74 2671 184 2714 Wa'n.
215 2685 283 2725 gr.
312 2687 356 2729 p.
378 2671 477 2715 373.
519 2672 652 2732 hujus
695 2687 802 2714 usus
844 2674 1039 2730 exempla
1077 2675 1228 2730 posuit
1260 2675 1380 2717 nulla
1413 2679 1532 2717 sunt.

25 2739 43 2745 ·’
64 2726 182 2771 Nam
205 2729 312 2770 Act.
331 2729 402 2781 21,
425 2728 495 2771 13.
518 2729 601 2785 γάρ
621 2743 644 2770 a
663 2729 926 2772 temeritatis
948 2731 1184 2788 opprobrio
1206 2732 1387 2791 pendet,
1417 2730 1534 2786 quod

67 2785 162 2842 ipsa
183 2784 458 2842 percontatio
480 2784 525 2828 τί
541 2787 712 2830 ποιεῖ-τε
731 2786 956 2837 κλαίοντες
974 2803 1052 2839 -;
1080 2788 1133 2843 (i.
1154 2803 1197 2845 q.
1220 2795 1379 2834 temere
1396 2789 1534 2847 ejula-
