1752 3347
276 55 299 69 l

198 186 285 231 2⁵0
478 173 857 227 EPISTOL'A
884 181 990 226 AD
1019 178 1383 227 Romanos

197 295 246 338 (v.
267 291 333 335 9.).
391 289 481 325 Nam
516 290 543 323 si
578 300 690 334 quum
724 300 881 322 essemus
908 285 991 322 Deo
1024 286 1130 322 invisi
1154 286 1317 322 Christus
1351 287 1533 332 moriens,
1561 288 1660 337 quod

198 345 274 373 erat
297 336 422 372 effectu
449 334 655 378 difficilius,
676 346 812 368 numen
839 333 942 367 nobis
967 332 1141 380 placavit,
1164 334 1280 368 multo
1306 332 1448 368 facinus
1473 342 1659 381 postquam

196 384 278 420 Deo
301 381 526 418 reconciliati
551 392 674 413 >unius
697 385 737 414 ut
760 380 1016 425 sempiternum
1043 392 1061 413 a
1081 379 1160 414 Deo
1185 379 1337 414 beemur
1361 379 1477 413 vivens
1501 379 1657 415 Chrtstu·

197 434 420 474 aetatemque
439 426 532 472 apud
553 426 673 460 Deum
691 437 797 471 agens
815 423 974 470 perficiet
1001 427 1053 466 (v.
1077 427 1162 468 10.).
1200 424 1430 472 Quamquam
1453 436 1528 458 non
1545 426 1659 460 sotum

196 474 392 521 aliquando
415 483 684 517 consequemur
713 478 892 505 aeternam
921 469 1152 512 felicitatem,
1184 484 1309 505 verum
1341 471 1446 504 etiam
1485 471 1579 504 velut
1617 471 1659 504 ab

196 519 444 555 amantissimo
464 524 563 563 patre
584 517 750 551 lubenter
769 517 884 550 datam
904 517 996 550 laeto
1015 517 1136 551 animo
1155 516 1241 552 olim
1270 529 1536 562 consequemur
1555 515 1662 550 Chn'-

195 566 240 601 sti
265 564 463 610 beneficio,
486 561 545 598 cui
570 574 671 597 nunc
694 562 921 608 impetratam
945 562 1016 598 Dei
1042 576 1186 609 pacem,
1209 568 1375 598 aeternae
1399 562 1578 597 felicitatis
1602 561 1664 607 pi-

195 624 311 659 gnuS,
343 611 516 645 debemus
545 610 593 653 (v,
614 610 698 652 11.).
764 607 888 652 Quare
919 609 1173 648 detrinentum
1209 622 1274 655 per
1299 610 1454 655 primum
1480 608 1663 643 Adam-m

194 658 316 705 generi
340 656 498 690 humano
524 654 669 690 allatum
695 652 900 699 Christum,
922 662 1143 701 postremum
1168 656 1363 696 Adamum,
1386 653 1662 688 reconcinnasse

195 703 391 748 omniaque
415 703 535 736 Deum
572 700 720 735 consilia
755 712 799 735 eo
835 713 1045 744 revocasse,
1082 708 1120 734 ut
1150 701 1220 736 hoc
1245 701 1346 734 tieret
1371 698 1501 734 laetitiri
1528 698 1662 745 perfusi

194 751 370 785 fateamur
387 760 421 783 v.
446 747 626 782 12—21.!
671 747 737 781 llle
762 745 871 787 enim,
897 759 1002 791 quem
1020 754 1116 783 recte
1143 755 1374 792 peccatorum
1401 753 1582 791 parentem
1602 756 1663 778 vo·

196 809 278 840 ces,
316 793 398 841 quia
432 793 570 840 primus
601 792 808 838 improbum
842 792 982 827 facinus
1010 793 1213 836 commisit,
1256 805 1368 837 quum
1399 790 1516 825 scelus
1546 795 1663 825 morte

192 838 316 876 luisset
347 840 414 886 ipsi
439 839 607 873 divinitus
636 835 869 882 denuntiata,
890 838 974 872 secit
1000 846 1037 873 ut
1069 840 1218 874 eandem
1245 851 1397 885 poenam
1424 838 1467 870 ab
1496 837 1665 871 omnibus

194 886 372 934 improbis
406 885 616 919 hominibus
647 885 747 918 Deus
784 884 949 929 deinceps
982 891 1129 932 caperet
1161 895 1362 927 omnesque
1386 884 1556 915 'turnines
1578 893 1664 915 mo-

191 939 385 971 rerentur,
410 932 500 976 quia
523 942 651 964 onmes
667 936 879 972 peccassent
904 944 934 962 v.
959 931 1009 964 12.
1059 931 1218 974 (Omnes
1235 937 1362 962 autem
1379 939 1550 969 peccasse
1571 940 1665 962 con-

193 981 320 1018 cedet,
346 978 406 1023 qui
427 978 650 1021 priusquam
668 976 780 1010 Masis
805 978 872 1009 lex
890 978 1200 1019 promulgaretur
1225 974 1397 1008 maleficia
1421 974 1575 1007 admissa
1588 985 1664 1008 ease

191 1024 410 1072 reputaverit
434 1036 468 1057 v.
490 1025 570 1063 13.;
610 1033 740 1055 omnes
770 1028 896 1054 autem
924 1023 1032 1056 Deus
1062 1027 1239 1065 quotquot
1271 1021 1437 1063 improbe
1470 1017 1664 1060 venissent,

194 1085 240 1106 ne
273 1072 314 1105 iis
348 1069 493 1115 quidem
523 1068 696 1114 exceptis,
733 1066 795 1113 qui
825 1080 898 1101 non
923 1068 1091 1101 disertam
1126 1066 1304 1112 quandam
1332 1066 1466 1112 legem,
1499 1072 1537 1099 ut
1562 1065 1665 1101 Ada-

193 1131 298 1160 mus,
334 1115 588 1162 neglexissent,
627 1111 732 1147 misszi
757 1112 944 1146 hominum
970 1111 1120 1158 regulzi,
1160 1111 1229 1158 quzi
1257 1111 1322 1145 nisi
1347 1112 1507 1145 facinora
1531 1109 1665 1156 scripta

194 1162 272 1209 lege
297 1162 405 1198 vetita
433 1174 507 1195 non
533 1166 765 1199 coercentur,
792 1164 913 1192 morte
940 1159 1075 1193 idcirco
1100 1158 1243 1202 offecit.
1271 1163 1311 1191 ut
1338 1157 1499 1192 Adamus
1525 1158 1664 1203 primus

193 1208 261 1255 ipsi
289 1208 463 1247 similem,
499 1214 532 1240 et
559 1205 835 1251 respondentem
861 1205 1064 1250 Adamum,
1100 1205 1136 1239 h.
1157 1218 1187 1239 e.
1215 1203 1418 1242 Christum,
1449 1215 1514 1248 per
1538 1202 1665 1236 amba·

193 1267 254 1302 ges
280 1254 502 1292 ostenderet,
545 1251 605 1297 qui
638 1257 672 1284 et
698 1251 773 1296 ipse
804 1251 960 1296 aliquam
988 1250 1058 1284 vim
1085 1252 1121 1284 in
1146 1263 1272 1285 omnes
1297 1249 1460 1284 homines
1485 1253 1666 1284 exerceret

192 1304 242 1346 (v,
264 1301 320 1335 13.
339 1301 427 1343 14.).
483 1299 554 1332 Sed
579 1296 709 1330 distant
734 1303 854 1329 tamen
880 1296 975 1330 iuter
999 1309 1035 1330 se
1060 1296 1193 1332 Adami
1218 1296 1359 1331 facinus
1383 1309 1447 1341 per
1470 1295 1538 1329 Dei
1562 1306 1665 1328 seve-

190 1346 333 1382 ritatem
358 1345 478 1390 generi
504 1342 650 1377 humani
675 1341 862 1375 exitiosum
888 1348 921 1375 et
945 1343 1019 1378 div.
1038 1342 1254 1377 beneficium
1279 1342 1316 1377 in
1343 1349 1667 1388 peccatorum-ve-

192 1391 255 1426 nia
286 1392 466 1439 positum,
500 1388 597 1435 quod
621 1386 783 1422 Christus
807 1387 852 1421 de
876 1388 980 1422 coelo
1005 1389 1048 1423 ad
1074 1388 1236 1422 homines
1263 1387 1419 1434 pertulit.
1481 1386 1542 1420 Est
1566 1386 1665 1421 enim

189 1438 255 1473 illo
281 1451 344 1485 per
371 1438 552 1471 Adamum
578 1434 776 1479 importato
802 1433 908 1467 exitio
935 1433 1005 1469 hoc
1031 1435 1101 1470 Dei
1128 1435 1340 1470 beneficium
1374 1433 1489 1467 multo
1519 1432 1665 1470 certius,

190 1491 271 1519 tum
301 1483 381 1530 quia
407 1474 520 1517 Deus*
533 1493 598 1526 pro
624 1478 687 1514 sui
710 1479 928 1525 benignitate
955 1479 1135 1515 lubentius
1161 1494 1227 1515 nos
1261 1492 1411 1514 munere
1445 1476 1526 1514 beat
1555 1490 1664 1524 quam

191 1530 338 1565 dolores
363 1529 468 1563 nobis
495 1533 725 1571 commovet,
747 1533 825 1560 tum
852 1527 1023 1570 quoniam
1053 1523 1127 1564 div.
1147 1526 1306 1560 muueris
1325 1531 1538 1570 procurator
1556 1523 1665 1558 Chri-

192 1583 267 1610 stus
290 1574 504 1610 constitutus
529 1579 581 1606 est
605 1571 811 1605 bominibus
845 1571 1042 1605 benevolus
1075 1586 1106 1607 v.
1133 1573 1186 1606 15.
1242 1571 1384 1606 Deinde
1418 1571 1522 1603 exitio
1558 1569 1662 1604 nobis

191 1623 260 1656 tuit
295 1632 393 1654 unus
426 1622 539 1653 humo
577 1618 643 1661 qui
668 1623 888 1657 peccaverat
925 1617 1135 1660 (Adamu533
1178 1625 1305 1652 contra
1329 1617 1396 1649 Dei
1432 1615 1661 1658 beneficium,

193 1680 266 1712 quo
293 1666 526 1711 indignorum
549 1662 754 1696 facinorum
781 1662 884 1696 venia
907 1662 1010 1696 nobis
1036 1664 1202 1705 offertur,
1225 1675 1297 1705 per
1320 1661 1440 1695 mu'lta
1466 1663 1578 1702 impie
1589 1661 1665 1704 sa..

192 1720 254 1747 cta
282 1711 449 1756 perennis
473 1711 566 1744 vitae
591 1708 728 1741 sontem
754 1706 861 1741 nobis
887 1707 1077 1753 patefaciet
1100 1712 1152 1749 (v.
1176 1710 1245 1751 16.)
1298 1709 1388 1742 Nam
1415 1721 1525 1751 quum
1556 1708 1662 1740 unius

191 1759 323 1793 Adami
360 1756 475 1791 scelus
512 1754 638 1788 mortis
670 1753 901 1788 acerbitatem
935 1754 970 1787 in
1007 1769 1072 1789 nos
1100 1755 1333 1795 derivaret-it,
1377 1766 1498 1787 nonne
1522 1765 1664 1787 summa

192 1806 261 1840 Dei
290 1802 489 1848 lwnignitas
513 1813 610 1846 spem
638 1800 741 1833 nobis
767 1799 874 1840 facit,
905 1799 982 1834 sore
1008 1809 1046 1834 ut
1080 1802 1114 1834 in
1142 1814 1230 1845 quos
1254 1802 1378 1846 optimi
1413 1800 1571 1832 numinis
1602 1801 1662 1833 ab·

192 1849 366 1886 undantia
398 1847 527 1882 favoris
559 1847 731 1891 dataeque
764 1844 976 1891 integritatis
1003 1847 1210 1881 conseratur
1244 1860 1305 1892 per
1332 1859 1444 1879 unum
1469 1845 1664 1884 Christum,

193 1898 263 1933 Dei
291 1895 467 1940 legatum,
501 1891 753 1935 sempiternam
779 1891 884 1924 vitam
910 1892 1135 1925 obtineamus
1162 1893 1332 1938 (v,17.)?
1390 1892 1492 1925 Brevi
1528 1890 1663 1935 praeci-

195 1943 298 1977 dam:
322 1940 428 1973 unius
450 1939 608 1982 (Adami)
628 1936 792 1981 improbe
813 1935 947 1971 sactum
968 1938 1235 1971 damnationem
1258 1940 1299 1971 ad
1322 1945 1475 1970 mortem
1494 1937 1663 1970 omnibus

195 1987 403 2024 hominibus
423 1984 615 2024 conflavit3
638 1983 743 2016 unius
771 1981 937 2024 (Christi)
960 1986 1072 2029 probe
1090 1984 1221 2018 sactum
1251 1984 1362 2024 (ultro
1388 1982 1481 2016 enim
1502 1981 1663 2016 Christus

192 2034 365 2069 divinitus
380 2033 586 2077 imperatam
606 2029 818 2074 legationem
839 2027 882 2061 ad
899 2028 1061 2062 homines
1081 2032 1249 2077 suscepit)
1270 2030 1438 2063 omnibus
1457 2027 1663 2062 hominibus

192 2077 456 2116 absolutionem
479 2075 624 2111 vitalem
644 2075 760 2108 attulit
776 2075 821 2118 (v.
843 2074 932 2118 18‚);
959 2076 1064 2109 unius
1083 2076 1236 2110 hominis
1255 2075 1416 2120 (Atlanti)
1435 2073 1664 2108 contumacia
1721 2114 1726 2118 .

194 2127 329 2161 multos
348 2124 511 2158 homines
531 2122 648 2156 sontes
668 2119 877 2162 constituit,
903 2133 1015 2166 quum
1041 2134 1168 2155 eorum
1188 2135 1308 2162 mors,
1333 2133 1422 2166 quae
1440 2127 1477 2154 ut
1496 2125 1664 2166 perpetua

192 2178 427 2220 peccatorum
454 2181 570 2216 poena
603 2173 694 2201 esset
726 2165 786 2200 ille
817 2165 980 2212 fecisset,
1012 2179 1074 2200 eos
1098 2168 1298 2214 peccavisse
1330 2173 1514 2213 argueret:
1555 2165 1664 2199 unius
1719 2191 1722 2193 Α

192 2216 357 2263 (Christi)
383 2214 586 2251 obedientia
613 2213 745 2246 multos
771 2212 935 2246 homines
959 2214 1119 2247 insontes
1149 2216 1364 2255 constituet,
1404 2213 1463 2246 ubi
1488 2211 1620 2258 quibus
1643 2222 1664 2245 ι

192 2263 359 2306 Christo,
389 2263 577 2297 hominum
612 2258 750 2304 judice,
782 2258 949 2305 perennis
981 2260 1049 2293 vita
1077 2260 1156 2293 data
1182 2260 1312 2296 suerit,
1353 2258 1561 2304 integritatis
1586 2256 1664 2291 sru-

194 2319 296 2352 ctus,
323 2310 366 2344 iis
389 2308 626 2354 integritatem
651 2317 795 2350 quoque
821 2317 1030 2340 concessam
1050 2318 1124 2339 esse
1140 2305 1358 2352 intelligetur
1384 2311 1433 2347 (v.
1456 2304 1531 2342 ¹9.)
1579 2302 1662 2337 Noti

194 2368 391 2403 quaerere,
423 2355 510 2401 quid
546 2353 598 2386 lex
624 2363 715 2384 mos.
743 2351 863 2397 egerit.
924 2351 1026 2395 Quae
1049 2351 1091 2385 ad
1119 2350 1279 2386 facinora
1304 2365 1394 2397 quae
1421 2348 1537 2384 min-te
1560 2348 1663 2395 purti-

193 2410 321 2437 rentur
354 2401 420 2436 bric
455 2407 574 2434 mente
605 2398 739 2442 adjecta
769 2403 821 2430 est
851 2397 1038 2439 divinitus,
1082 2405 1119 2431 ut
1151 2406 1292 2444 peccata
1320 2397 1658 2442 multiplicarent&-

196 2448 339 2492 Quibus
374 2444 617 2493 multiplicatis
648 2443 774 2477 eximia
807 2443 936 2477 exstitit
961 2443 1156 2478 dementiae
1181 2445 1439 2483 redundantia,
1474 2450 1513 2476 ut
1537 2446 1659 2488 qu*

195 2495 389 2529 admodum
425 2491 619 2538 imperium
654 2488 835 2533 (latissime
871 2494 1008 2535 patens)
1043 2489 1216 2524 habuisset
1251 2491 1442 2525 Peccatum
1477 2498 1658 2534 per-1¹⁸⁸·-

194 2547 267 2574 tem
291 2538 411 2585 (culpd
440 2538 603 2578 Adami).
629 2536 675 2571 ita
699 2534 805 2570 etiam
831 2535 899 2569 div.
923 2536 1123 2570 Clementia
1148 2537 1439 2581 (amplissimum)
1466 2532 1655 2581 imperium

195 2586 338 2621 haberet
373 2599 436 2632 per
469 2584 733 2630 integritatem,
787 2582 1025 2628 sempiternae
1064 2582 1151 2617 vitae
1184 2582 1481 2630 piocreatriceui‚
1526 2577 1655 2615 Christi

194 2631 370 2669 beneficio
396 2634 449 2677 (v,
471 2632 528 2666 20.
547 2631 636 2676 21.)-

327 2772 411 2821 Vs.
438 2773 480 2818 1.
516 2770 873 2854 Δικαιωθὲιᾳς
893 2767 984 2820 οὖν
1003 2772 1054 2819 ἐκ
1081 2768 1285 2824 πίστεως
1315 2766 1507 2830 εἷρήιήν
1533 2766 1653 2827 ἔχω-

197 2862 289 2910 μεν
320 2840 439 2907 πρὸς
472 2838 560 2890 τὸν
591 2839 713 2891 θεὸν
745 2839 830 2890 δια
862 2845 950 2890 τοῦ
979 2838 1156 2908 κυρίου
1187 2838 1328 2904 ἡμῶν
1355 2837 1508 2901 Ἰησοῦ
1528 2839 1654 2902 Χρι-
