1752 3347
488 200 573 243 CA
598 198 646 244 P.
681 199 719 242 1.
768 199 857 243 Vs.
886 199 928 242 5.
961 205 1013 241 et
1042 200 1084 242 6.
1470 198 1523 239 1⁴2)

48 307 171 360 5,20.
193 308 290 362 [ita‚
324 311 371 349 ut
393 306 580 360 videtur,
605 306 814 362 Benyel.]‚
845 311 921 348 aut
939 306 1026 349 sic:
1057 319 1150 348 eum
1169 306 1423 349 constitutus
1435 308 1520 363 Ap.

48 365 102 407 in
128 362 251 420 ejus
277 365 511 407 neminis
539 364 857 407 commodum
877 363 1053 418 [Bezu],
1083 362 1241 406 s.——in
1259 361 1356 418 ejus
1374 363 1520 417 [Chri-

49 421 127 475 sti]
167 422 425 463 commodum
453 420 724 479 [K(›ppius]‚
775 420 937 478 quippe
971 420 1046 477 qui
1075 420 1146 462 vel
1174 418 1331 462 Christi
1356 434 1521 473 nemen,

47 478 116 519 vel
137 476 294 521 Christi
311 477 511 520 notitiam
532 479 659 531 longe
678 482 722 518 et
739 477 829 519 late
850 491 1137 535 propagarem
1159 476 1266 520 Act.
1286 477 1327 529 9,
1341 475 1424 529 15„
1446 482 1521 518 aut

48 535 94 576 in
121 534 237 576 hunc
266 548 346 578 m.:
384 548 477 576 sum
508 549 587 590 per
615 534 827 576 christum
854 534 1083 589 Apostolus
1123 537 1293 575 creatus
1319 533 1372 575 in
1398 531 1453 589 ej
1466 548 1521 576 us

46 590 277 634 nominis
306 604 494 633 commo
509 591 536 632 cl
548 603 626 631 um
656 589 686 632 i.
707 603 746 631 e.
768 594 815 631 ut
835 589 932 645 ejus
961 605 1110 632 nomen
1130 588 1269 631 nobile
1285 593 1327 632 et
1355 589 1521 633 illustre

46 647 287 699 redderem,
341 661 396 691 ut·
418 647 984 742 §Bet-berrucbunglscin
1000 653 1048 691 ce
1070 648 1344 700 ffiobmenss.
1385 646 1519 701 [Rue-

46 703 248 758 chet-tus}
359 716 482 743 orum
510 700 672 759 optime
703 715 807 743 sane
880 702 1112 745 ueeltertus.
1177 702 1292 744 Nam
1322 703 1398 760 qui
1424 717 1520 745 cum

44 757 248 813 Benyelio
268 763 312 800 et
331 757 499 814 Koppio
517 757 672 810 faciat,
703 757 742 798 is
774 752 889 814 ὑπὲρ
915 763 996 799 τοῦ
1026 754 1242 812 ὀνόματος
1270 755 1407 802 αὐτοῦ
1438 773 1521 818 per

44 815 231 857 inertem
267 814 365 872 peri
399 815 551 856 hrasin
589 828 671 872 pro
708 809 823 869 ὑπὲρ
861 810 998 855 αὐτοῦ
1020 813 1211 856 locatum
1240 830 1339 858 esse
1368 821 1520 859 contra

44 886 172 914 usum
192 872 354 929 loquen
390 872 592 914 istatuat
611 884 786 913 necesse
809 874 893 914 est.
953 870 1104 913 Bezae
1125 876 1273 914 autern
1301 873 1519 931 interpre-

45 928 158 972 tatio
179 930 269 985 (5ut
294 928 496 977 §Bet-Fixa
511 932 533 974 b
548 930 701 985 igung
729 928 1101 983 feiness‘ffiofmenss)
1124 929 1156 972 l.
1178 932 1375 970 nostrum
1395 945 1520 972 ener-

44 989 142 1030 vat:
185 999 265 1042 per
289 1001 436 1044 quem,
488 991 536 1028 ut
560 999 704 1027 omnes
728 984 924 1026 nationes
951 984 1009 1026 ud
1034 984 1276 1041 obsequium
1303 986 1523 1030 doctrinae

43 1042 129 1086 div.
147 1043 457 1098 praestandum
473 1055 784 1098 permoverem,
822 1040 907 1096 Ap.
927 1054 1021 1082 sum
1038 1039 1186 1098 fuctus
1213 1040 1312 1096 ejus
1340 1044 1522 1086 nominis

40 1099 311 1155 propuyandi
329 1103 479 1143 causet.
538 1098 721 1141 Fortius
743 1097 855 1139 enim
878 1096 1028 1139 eadem
1048 1098 1269 1140 sententia
1291 1099 1438 1141 verbis
1457 1099 1520 1150 εἷς

44 1151 247 1211 ὑπακοὴν
266 1153 460 1205 πίστεως
480 1153 524 1197 ἓν
543 1156 659 1197 πᾶσι
678 1156 772 1203 τοῖς
791 1151 991 1204 sanent,
1023 1168 1152 1211 quam
1171 1169 1288 1199 voce.
1308 1152 1421 1211 ὑπὲρ
1441 1157 1521 1198 τοῦ

45 1206 263 1264 ὀνόματος
281 1209 416 1253 αὐτοῦ
436 1211 758 1254 enuntiaretur.
818 1210 988 1252 Verum
1017 1225 1070 1253 ne
1089 1211 1319 1255 Rueckme?
1346 1211 1521 1269 quidem

46 1267 268 1310 sententia
307 1268 417 1310 satis
444 1269 603 1326 placet.
675 1266 806 1309 Certe
836 1267 1082 1325 simplicius
1108 1271 1152 1309 et
1176 1267 1386 1310 Paulline
1414 1269 1524 1311 scri-

46 1323 179 1366 bendi
203 1324 354 1379 generi
375 1324 706 1367 convenientius
726 1325 946 1380 (nascitur
965 1325 1079 1366 enim
1094 1324 1233 1366 Paulo
1254 1331 1304 1367 ut
1325 1326 1419 1368 viro
1432 1327 1520 1368 ser-

46 1380 149 1423 vido
170 1387 215 1422 et
241 1381 471 1437 ingenioso
498 1381 717 1423 sententia
750 1395 800 1422 ex
829 1381 1047 1423 sententia
1077 1396 1218 1437 neque
1246 1383 1418 1437 singula
1444 1384 1520 1425 ille

47 1452 158 1494 quae
178 1436 358 1479 dicenda
378 1438 469 1480 sint
489 1443 565 1480 aut
582 1452 668 1495 quo
686 1437 812 1479 medo
834 1437 1016 1480 dicenda
1042 1439 1179 1480 multo
1207 1444 1308 1480 ante
1339 1439 1522 1481 medita-

45 1495 140 1549 tur)
158 1508 274 1537 voce.
293 1491 407 1549 ὑπὲρ
425 1496 504 1536 τοῦ
525 1492 738 1547 ὀνόματος
758 1490 894 1536 αὑτοῦ
918 1509 1014 1536 cum
1041 1509 1082 1538 v.
1110 1495 1310 1552 proxime
1341 1510 1520 1554 pracce-

44 1549 250 1593 dentibus
280 1548 345 1600 εἷς
376 1548 575 1607 ὑπακοὴν
602 1547 796 1598 πίστεως
821 1548 867 1611 ᾖν
897 1550 1010 1592 πᾶσι
1039 1554 1134 1600 τοῖς
1161 1549 1337 1594 ἔθνεσιν
1366 1567 1520 1595 conso—

43 1608 220 1650 ciantur
254 1607 300 1651 h.
330 1621 393 1651 r.:
430 1621 509 1663 per
537 1620 659 1665 quem
687 1605 791 1647 mihi
820 1606 997 1662 contiyz’t
1019 1605 1185 1663 favoris
1211 1607 1520 1663 documentum,

44 1678 193 1730 nenepe
212 1664 406 1719 Apostoli
424 1678 591 1716 munus,
619 1667 667 1706 ut
687 1661 923 1704 obedientia
942 1663 1163 1706 doetrinae
1180 1664 1264 1708 div.
1288 1670 1520 1719 praestan-

45 1721 103 1763 da
122 1725 237 1763 mter
251 1734 394 1762 omnes
412 1720 605 1762 nationes
622 1720 668 1762 in
684 1718 867 1760 nominis
890 1718 1048 1762 Christi
1067 1722 1386 1763 commodum
1409 1723 1460 1778 (i.
1481 1737 1521 1767 e.

45 1777 312 1833 honorem)
343 1775 606 1833 efficeretur.
674 1774 774 1831 Quo
804 1775 956 1832 plures
986 1775 1100 1818 enim
1131 1777 1330 1820 homines
1360 1778 1522 1821 doctri-

44 1847 145 1875 nam
166 1832 254 1877 div.
276 1834 616 1890 amplectuntur,
635 1847 685 1875 eo
706 1833 858 1889 plures
876 1832 1007 1874 etiam
1028 1833 1199 1876 Christi
1216 1848 1366 1877 nomen
1384 1836 1428 1878 in
1447 1851 1522 1878 ore

46 1890 233 1942 habent,
276 1894 565 1943 venerantur,
612 1890 853 1933 celebrant.
928 1888 1058 1931 Nihil
1096 1894 1166 1932 est
1205 1895 1350 1933 autem
1382 1894 1521 1949 magis

45 1946 168 1988 cordi
184 1945 446 2004 Apostolis,
479 1960 608 2003 quam
630 1951 678 1988 ut
699 1945 868 1990 Christi
888 1960 1045 1988 nomen
1073 1947 1245 1990 celebre
1270 1954 1315 1990 et
1344 1949 1522 1992 illustre

46 2003 108 2047 sit
134 2000 275 2060 (Phil.
307 2004 428 2057 1,20.
458 2004 487 2044 2
504 2004 670 2048 Thess.
702 2005 740 2056 1,
760 2004 849 2058 12.)
877 2007 954 2045 aut
982 2018 1036 2045 ne
1067 2019 1152 2060 qua
1179 2006 1348 2047 macula
1377 2007 1418 2047 ei
1445 2006 1520 2048 ad-

48 2064 299 2117 spergatur.
356 2060 474 2103 Hinc
491 2060 696 2103 lubenter
714 2059 937 2102 infamiam
957 2060 1146 2103 subeunt
1164 2065 1208 2103 et
1226 2061 1367 2119 ipsam
1388 2063 1520 2105 vitam

47 2116 260 2160 devovent
283 2112 422 2174 ὑπὲρ
441 2119 520 2159 τοῦ
539 2115 755 2170 ὀνόματος
770 2115 914 2172 Ἰησοῦ
940 2117 984 2161 11.
1013 2132 1051 2162 e.
1081 2122 1130 2159 ut
1156 2118 1332 2160 illustre
1359 2119 1523 2162 saciant

49 2172 157 2216 Jesu
175 2188 331 2215 nomen
359 2188 502 2231 neque
530 2174 827 2226 committant,
866 2176 916 2214 ut
940 2188 1021 2216 sua
1050 2178 1316 2217 sectatorum
1346 2175 1521 2230 ignavia

48 2229 188 2271 divini
208 2230 410 2285 magistri
428 2231 594 2273 nomini
625 2245 674 2272 ac
700 2231 840 2272 famae
868 2230 1033 2273 officiat
1060 2232 1134 2286 [cf.
1165 2232 1272 2275 Act.
1298 2233 1419 2284 9,16.
1454 2235 1522 2283 15,

48 2286 119 2328 26.
139 2286 290 2337 21,13.
313 2287 355 2339 5,
368 2288 478 2342 41.].
540 2285 584 2330 ἐν
602 2280 669 2337 οἷς
698 2285 795 2329 ἕστε
824 2288 898 2328 καί
926 2283 1064 2342 ὑμεῖς]
1099 2287 1245 2344 Quum
1272 2288 1349 2329 hoc
1379 2291 1521 2332 consi-

48 2342 136 2394 lio,
169 2342 314 2398 inquit
339 2342 414 2397 P.‚
452 2344 668 2402 Apostoli
695 2358 851 2385 munus
881 2343 988 2385 mihi
1018 2343 1324 2386 demandatum
1351 2346 1434 2399 sit,
1475 2352 1523 2389 ut

48 2412 193 2440 omnes
213 2398 412 2442 nationes
432 2400 487 2442 ad
505 2400 799 2443 obedientiam
821 2399 1046 2442 doctrinae
1071 2400 1157 2444 div.
1186 2406 1327 2442 mente
1356 2403 1521 2446 animo-

50 2469 135 2511 que
154 2455 462 2511 praestandam
479 2457 788 2515 perducerem,
812 2471 889 2498 vos
908 2462 1077 2509 autem,
1105 2458 1317 2511 lectores,
1344 2458 1522 2502 illarum

49 2525 231 2552 numero
251 2513 701 2568 comprehendanfini,
741 2513 848 2554 mihi
868 2518 916 2554 ut
941 2513 1165 2555 doctrinae
1191 2514 1279 2558 div.
1311 2514 1522 2559 obsecun-

50 2566 165 2609 detis
182 2567 373 2624 epistola
391 2583 468 2611 vos
491 2569 751 2612 admonendi
763 2569 840 2629 jus
859 2584 959 2612 esse
988 2571 1265 2627 perspicuum
1293 2577 1377 2616 est.
1435 2575 1522 2617 Al-

49 2624 250 2680 loquitur
268 2629 411 2667 autem
430 2627 618 2668 lectores
652 2622 959 2681 κλητοὶἸησοῦ
981 2628 1178 2681 Χριστοῦ
1207 2628 1250 2672 11.
1277 2643 1315 2672 e.
1345 2644 1432 2671 11011
1460 2632 1522 2674 ub

52 2681 333 2724 JesuGle-risto
352 2684 489 2725 coeute'
506 2698 543 2726 s,
575 2683 766 2733 ine-itari,
805 2681 882 2722 sed
908 2682 1095 2724 homines
1122 2683 1386 2728 divinitus
1415 2687 1521 2730 inri-

51 2737 156 2789 tati,
182 2737 269 2793 qui
292 2738 417 2780 Jesu
437 2739 641 2782 Clu-iste·
668 2738 794 2779 sitis
825 2737 856 2780 i.
877 2752 916 2781 c.
947 2739 1036 2794 qui
1061 2741 1289 2784 vosJesu
1309 2742 1522 2786 Christo

52 2793 406 2848 addis-eritis,
434 2800 481 2837 ut
499 2801 616 2837 recte
639 2794 740 2835 011111
764 2792 902 2845 Beza,
928 2796 1317 2852 nuperBochnu‘uS.
1378 2799 1520 2842 Causa

52 2847 155 2891 haec
175 2853 266 2901 est,
308 2851 424 2908 quod
450 2851 586 2894 Paulo
617 2850 865 2905 ceterisque
892 2851 1126 2908 Apostolis
1156 2854 1409 2896 auctoribus
1441 2871 1521 2898 uon

1036 2909 1071 2951 Β
1101 2911 1128 2950 2

1558 2757 1607 2787 ⁸>
