1752 3347
203 139 333 216 214*
486 168 867 214 ErlsTozA
900 169 1002 211 AD
1037 167 1400 215 ROMANos

206 289 303 319 mus
331 273 712 328 Christianorum,
750 274 827 331 qui
866 278 995 317 antea
1026 273 1183 319 Judaei
1213 274 1427 328 fuissent,
1459 283 1605 333 pater,
1650 291 1678 319 a

231 346 282 376 uo
309 334 443 390 yenus
458 334 659 377 ducerent
680 331 863 374 disertis
893 346 934 376 V.
964 332 1077 374 male
1104 338 1361 386 vocaretur,
1393 336 1486 373 tum
1507 334 1609 389 quia
1634 334 1677 375 in

201 347 261 443 Z,
291 390 369 433 ubi
397 391 518 432 nulla
549 389 653 432 fidei
679 388 842 432 mentio
870 394 964 442 est,
1003 388 1049 431 id
1076 390 1220 447 ipsum
1243 388 1394 431 dicunt
1412 389 1506 431 sola
1537 403 1578 435 v,
1603 390 1679 432 τὸν

203 445 378 503 πατέρα
398 445 543 502 ἡμῶν,
573 451 666 487 tum
689 445 892 502 quoniam
915 445 1099 492 Judaeis
1124 445 1292 489 Christi
1319 445 1581 503 disciplinae
1601 445 1678 488 ad-

202 502 334 545 dictis
361 517 456 545 eum
489 503 748 546 Abrahamo
783 517 870 545 non
900 504 1042 546 solnm
1081 503 1333 558 sanguinis,
1371 517 1520 545 verum
1551 503 1679 545 etiam

200 559 306 602 fidei
333 560 395 615 (v.
425 560 517 616 12.)
544 560 746 615 cognatio
775 564 861 604 est.
920 560 1048 603 Ferri
1073 567 1225 618 posset
1256 562 1339 602 ista
1365 560 1600 618 junctura,
1639 559 1681 601 si

201 618 298 674 Ap.
330 616 515 659 Judaeos
540 618 846 674 alloqueretur
873 617 970 673 (τὸν
1003 617 1175 673 πατέρα
1215 615 1362 671 ὑμῶν
1393 635 1428 659 κ.
1454 631 1517 665 σ.,
1549 616 1683 668 Aba,

204 687 390 731 quocum
420 675 650 730 sanquine,
688 688 775 716 non
810 672 920 728 fide,
958 674 1177 734 conjuncti
1218 675 1366 729 estis).
1432 672 1608 716 Deinde
1641 672 1683 715 si

205 729 319 772 κατὰ
341 727 486 787 σάρκα
507 745 600 773 cum
621 746 663 775 v.
681 730 757 773 τὸν
773 731 948 789 πατέρα
976 727 1098 788 ἡμῶν
1123 732 1423 790 copulaveris,
1457 730 1508 775 P.
1530 730 1682 774 Abra-

201 785 403 842 hamum,
440 788 516 845 qui
551 787 639 843 fide
671 803 882 830 summum
921 788 1053 831 decus
1088 788 1275 846 adeptus
1305 789 1364 830 sit
1392 803 1433 832 v.
1464 789 1533 840 3.,
1573 787 1685 830 nihil
1748 803 1752 830 3

199 844 431 902 quidquam
450 849 769 902 consequutum
791 859 890 888 esse
909 860 1140 904 perperam
1173 848 1216 889 in
1246 846 1485 888 universum
1505 851 1683 886 conten·
1748 854 1752 863 ·

201 899 283 944 dit.
341 899 397 943 In
414 907 590 960 promtu
620 906 689 944 est
717 902 880 956 igitur,
910 904 1023 945 κατὰ
1055 903 1201 958 σάρκα
1232 917 1328 944 cum
1351 899 1581 958 εὑρηκέναι
1609 915 1682 942 co-

200 956 409 1012 haerere,
448 964 498 1002 ut
523 959 617 1017 Ap.
649 959 954 1001 Abrahamum
983 960 1133 1015 aliqud
1174 959 1268 1011 via,
1305 958 1382 1013 (cf.
1420 972 1461 1001 τ.
1490 957 1558 1011 2.)
1597 971 1683 1000 non

202 1014 428 1068 omnihus,
476 1016 589 1058 nihil
627 1023 945 1072 consequutum
984 1030 1085 1058 esse
1123 1016 1327 1058 affirmet.
1369 1013 1481 1056 κατὰ
1518 1011 1682 1071 σάρκα]

202 1069 352 1115 Schol.
376 1071 536 1116 Matth.
560 1078 661 1130 post
683 1072 933 1116 Theodor.:
964 1069 1052 1113 κατ’
1076 1069 1296 1126 ἐνέργειαν
1315 1073 1387 1113 καὶ
1409 1069 1570 1126 πρᾶξιν
1589 1085 1682 1112 σω-

197 1125 389 1184 ματικήν
458 1131 527 1173 At
559 1131 743 1172 obscure
771 1134 813 1172 et
839 1134 887 1170 ut
919 1134 962 1170 te
993 1143 1115 1170 neme
1146 1129 1369 1180 intelligat
1397 1124 1618 1182 εὑρίσκειν
1639 1143 1684 1170 τι

200 1182 312 1227 κατὰ
343 1185 487 1243 σάρκα
517 1187 624 1242 (imo
658 1184 770 1228 κατὰ
798 1184 877 1241 τὴν
913 1182 1055 1240 σάρκα
1089 1180 1247 1236 αὑτοῦ)
1276 1184 1443 1243 aliquid
1473 1184 1684 1240 consequi

197 1244 490 1286 secundum
518 1259 639 1286 snum
671 1256 824 1299 eorpus
852 1242 896 1286 h.
919 1257 956 1286 S.
987 1241 1130 1286 dicas:
1171 1242 1343 1299 aliquid
1372 1241 1508 1300 factis
1528 1256 1682 1284 conse-

232 1299 298 1353 ui,
350 1314 461 1356 quae
500 1314 678 1354 corpore
710 1304 994 1355 perccyaniur.
1061 1298 1181 1342 Male
1208 1299 1425 1355 Raphael.
1465 1300 1587 1343 Anu.
1627 1313 1681 1340 ex

249 1370 336 1409 er„
377 1356 548 1409 nem„
574 1357 718 1411 Kopp.
750 1356 810 1399 al.
842 1363 1092 1414 exponunt:
1140 1372 1219 1412 per
1245 1357 1608 1401 circumcisionem
1638 1357 1685 1399 in

198 1426 272 1454 suo
303 1426 476 1468 corpore
506 1413 690 1469 factam.
751 1411 911 1470 Neque
931 1415 1045 1456 enim
1076 1415 1157 1456 hoe
1178 1428 1218 1457 v.
1241 1412 1353 1455 κατὰ
1376 1411 1520 1468 σάρκα
1549 1413 1683 1456 inest.

201 1468 304 1512 Gal.
325 1470 376 1522 6,
399 1470 466 1513 13.
496 1469 846 1513 circumcisionis
873 1471 994 1513 notio
1022 1486 1107 1514 non
1139 1487 1180 1515 v.
1211 1468 1341 1525 σάρξ,
1380 1485 1492 1526 quae
1523 1484 1683 1527 corpus

198 1530 348 1580 notat,
380 1525 458 1568 sed
481 1528 695 1570 orationis
716 1527 832 1569 serie
851 1530 1116 1572 continetur.
1177 1527 1327 1583 Quare
1349 1527 1420 1568 his
1452 1527 1609 1568 saltem
1640 1541 1681 1571 v.

199 1597 311 1640 opus
342 1588 459 1627 erat:
500 1583 575 1626 διὰ
593 1585 672 1641 τῆς
702 1582 867 1639 σαρκὸς
882 1581 1018 1626 αὑτοῦ
1050 1599 1126 1626 suo
1148 1599 1322 1639 corpore
1349 1584 1471 1638 (scil.
1495 1578 1682 1625 circuni-

199 1641 331 1707 ciso).
403 1639 639 1682 Praeterea
670 1641 778 1681 hanc
820 1641 1145 1683 enarrationem
1176 1655 1216 1684 v.
1248 1643 1291 1684 2.
1330 1641 1525 1698 respuit,
1567 1640 1682 1683 unde

202 1711 314 1738 κατα
345 1695 487 1751 σάρκα
514 1711 640 1739 sensu
667 1711 764 1738 cum
794 1712 835 1741 v.
867 1695 915 1747 ἐξ
943 1695 1083 1754 ἔργων
1123 1698 1355 1739 convenire
1394 1698 1683 1752 intelligitur.

197 1751 531 1810 Expresserunt
560 1754 674 1795 hune
705 1767 882 1796 sensum
913 1754 1029 1798 salv.
1067 1755 1382 1809 (naturaliter,
1432 1755 1500 1796 vel
1539 1770 1590 1796 ex
1634 1770 1682 1798 se

199 1809 322 1867 ipso)
344 1814 388 1852 et
410 1810 532 1853 Grot.
553 1811 770 1868 (propriis
793 1810 1010 1864 viribus),
1041 1812 1117 1853 sed
1142 1827 1227 1868 quo
1249 1811 1374 1854 modo
1405 1810 1516 1851 κατὰ
1538 1810 1682 1867 σάρκα

200 1867 494 1924 explicuerint
532 1882 584 1908 ex
629 1881 778 1909 eorum
819 1883 860 1910 v.
906 1883 988 1910 non
1032 1870 1327 1924 cognoscitur.
1395 1868 1529 1910 Valet
1574 1865 1686 1909 κατά

200 1921 344 1978 σάρκα
374 1923 430 1965 ad
463 1924 631 1965 moclum.
663 1924 849 1966 carnis
880 1925 910 1968 i.
937 1939 977 1968 e.
1007 1925 1050 1968 h.
1075 1926 1106 1968 l.
1135 1926 1318 1967 hominis
1350 1924 1612 1968 mortalis
1641 1929 1682 1967 et

199 1979 497 2032 imbecilli,
528 1981 600 2036 qui
629 1981 714 2023 div.
741 1981 924 2036 spiritus
954 1982 1120 2023 anxiae
1146 1982 1379 2024 destitutus
1399 1985 1479 2023 sul?
1498 1976 1685 2036 pruden-

200 2038 266 2079 tia
293 2041 335 2079 et
363 2051 438 2079 suo
465 2036 614 2080 robore
649 2035 838 2094 fidere
868 2043 1098 2094 coyatur
1137 2039 1190 2094 (i.
1222 2053 1264 2095 q.
1300 2037 1512 2094 σαρκικὸν
1544 2033 1682 2090 ἕῖντα).

200 2094 258 2137 cf.
280 2098 375 2152 *5⁴:33
407 2093 519 2137 Gen.
548 2094 658 2146 6,3.
701 2094 803 2140 Joh.
829 2096 904 2149 10,
925 2096 996 2147 4.;
1036 2096 1063 2136 2
1087 2095 1189 2139 Cor.
1226 2099 1275 2146 l,
1297 2096 1366 2138 17.
1399 2092 1510 2136 κατὰ
1540 2093 1684 2149 σάρκα

198 2148 499 2205 βουλεύεσθαι
533 2151 720 2194 consilia
751 2167 909 2210 capere
940 2167 1060 2194 more
1092 2153 1367 2204 mortalium,
1400 2153 1476 2208 qui
1504 2166 1584 2209 pro
1604 2152 1684 2194 sua

200 2208 384 2250 levitate
416 2207 503 2249 sibi
531 2222 616 2250 non
638 2214 867 2261 constant;
909 2210 1012 2254 Gal.
1042 2210 1196 2263 4‚.23.
1258 2207 1423 2252 Ismael
1454 2217 1586 2250 natus
1615 2213 1686 2250 est

202 2263 313 2306 κατὰ
337 2261 482 2320 σάρκα
504 2280 625 2308 more
648 2267 895 2309 mortalium
910 2300 922 2321 ‚
958 2281 1064 2321 ergo
1083 2268 1299 2309 communi
1324 2265 1530 2308 nascendi
1560 2267 1686 2321 legeg

202 2323 228 2363 1
256 2321 359 2366 Cor.
392 2324 438 2375 1,
465 2323 538 2367 26.
572 2349 627 2355 —
665 2324 801 2378 σοφοὶ
834 2321 944 2365 κατὰ
974 2325 1116 2379 σάρκα
1146 2324 1374 2382 sapientes
1407 2325 1496 2365 ritu
1525 2329 1687 2365 morta-

202 2378 333 2432 lium,
376 2379 453 2435 qui
482 2381 530 2422 est
559 2394 605 2422 sa
644 2380 777 2422 ientia
810 2380 964 2423 imbuti
991 2396 1075 2423 non
1105 2388 1230 2434 sunt,
1271 2396 1400 2438 quam
1435 2380 1483 2422 τὸ
1514 2381 1686 2433 πνεῦμα

205 2435 528 2481 subministrat.
590 2394 739 2493 (Suam
758 2436 1009 2492 hujusmodi
1029 2439 1070 2480 in
1093 2439 1124 2482 l.
1147 2453 1187 2481 v.
1210 2437 1320 2479 κατὰ
1341 2437 1484 2494 σάρκα
1513 2438 1684 2491 signifi-

203 2496 328 2534 catus
363 2508 478 2536 unus
515 2493 720 2552 idemque
749 2500 819 2536 est
848 2496 927 2550 (ad
955 2497 1123 2537 modum
1156 2496 1338 2538 honn‘m‘s
1381 2494 1684 2547 mortalis),

205 2562 362 2591 sensus
389 2565 469 2608 pro
504 2552 708 2595 contexta
748 2553 947 2595 oratione
987 2552 1207 2596 diversus.
1282 2552 1337 2597 V.
1367 2553 1410 2596 2.
1459 2550 1583 2593 Parti
1612 2550 1681 2593 ul&

203 2601 287 2662 γάρ
310 2620 473 2661 negans
495 2611 715 2652 sententia
735 2622 776 2653 v,
800 2610 840 2652 l.
870 2610 1082 2652 munitur.
1143 2609 1334 2652 Temere
1360 2607 1510 2666 Jl'olf„
1546 2608 1680 2651 Fun.

206 2661 266 2705 al.
285 2669 481 2708 vertunt:
510 2667 548 2708 εἰ
580 2692 633 2699 -
668 2671 823 2709 reactus
852 2672 1020 2718 esser,
1053 2667 1277 2710 haberet
1304 2666 1519 2723 ylariamls
1546 2667 1682 2706 mate-

204 2719 344 2774 riam,
385 2721 500 2763 (uod
529 2737 684 2778 graece
713 2727 805 2766 est:
844 2721 884 2767 εἰ
906 2750 963 2756 -
991 2723 1269 2780 ἐδικαιώθη,
1311 2717 1455 2776 εἶχεν
1483 2717 1542 2762 ἂν
1569 2719 1683 2760 καύ-

203 2790 336 2832 χημα.
394 2736 479 2819 list
498 2786 642 2822 autem
664 2785 765 2838 post
787 2777 871 2833 ἔχει
897 2778 1102 2838 καύχημα
1131 2797 1154 2825 e
1174 2795 1215 2826 ν.
1237 2797 1305 2838 sq.
1335 2777 1452 2836 πρὸς
1479 2775 1554 2818 τὸν
1573 2775 1684 2817 θεόν

207 2838 252 2875 et
277 2838 382 2891 post
401 2831 493 2878 ἀλλ’
522 2833 575 2879 οἰ·
599 2851 652 2879 ex
683 2842 828 2882 antec.
859 2853 900 2884 v.
928 2835 1018 2892 ἔχει
1047 2835 1249 2895 καύχημα
1266 2833 1498 2892 cogitando
1521 2832 1702 2897 addens
