1752 3347
0 335 3 357 m„
0 313 2 324 -
0 98 7 301 „02'2‘2-——v-

606 125 770 174 cAr.
801 126 862 175 v.
904 126 999 175 Vs.
1030 128 1128 175 16..>
1512 122 1599 168 333

133 235 362 279 usitatum.
420 233 535 276 Tum
555 233 695 276 Diod.
712 233 802 278 Sic.
825 236 865 287 1,
884 234 957 278 74.
987 234 1045 278 ἐκ
1073 232 1280 292 πατέρων
1299 246 1343 276 τι
1363 230 1600 289 παραλαμ-

131 290 281 346 βάνειν
298 306 349 335 eo
378 305 511 333 seusu
536 291 724 347 legitur,
757 307 844 348 quo
874 293 1026 350 paullo
1088 297 1159 335 ost
1188 307 1297 346 παρ
1309 289 1337 330 ὰ
1366 291 1453 331 τῶν
1480 303 1601 344 προ-

130 347 283 406 γόνων.
358 346 477 402 Quin
505 349 636 392 etiam
659 364 742 419 pro
774 346 873 398 διά,
912 354 961 392 ut
990 349 1034 393 h.
1054 307 1114 403 R,
1154 348 1203 392 ἐκ
1230 348 1425 399 locatur,
1464 349 1514 388 ut
1536 344 1602 386 sit

130 420 225 462 per.
266 404 484 448 Herodot.
499 405 543 456 8,
567 406 638 450 80.
660 406 760 448 ἴσθι
783 406 866 462 γὰρ
898 405 956 457 ἐξ
985 404 1086 460 ἐμέο
1110 404 1166 449 τὰ
1185 401 1488 457 πεῑισιευμὲνα
1508 397 1600 444 ὑπὸ

130 461 305 517 Μήδων
324 475 404 513 per
422 475 489 502 me
513 461 543 504 i.
565 476 605 504 e.
634 477 701 504 me
718 468 898 504 auctore
926 466 988 519 (v.
1009 462 1162 506 Herm.
1183 461 1238 502 ad
1260 461 1368 516 Vigv.
1396 474 1440 517 p.
1459 458 1604 512 85⁵.)‚

127 516 458 561 Demosth.()r,
477 515 530 557 de
558 519 671 559 male
688 519 817 571 gesta
836 519 971 572 legat.
990 520 1090 572 343,
1101 521 1144 560 6.
1167 517 1315 560 Reisls.
1344 541 1403 547 -—
1437 511 1491 557 τδ
1517 517 1604 569 μὲν

129 571 180 618 ἐκ
207 569 375 615 τούτων
406 573 610 628 [propter
640 574 766 630 haec]
789 572 1050 627 λαμβάνειν,
1075 573 1133 623 ἐξ
1161 566 1227 614 ὧν
1256 573 1357 628 (i.e.
1380 568 1445 613 δι’
1470 567 1549 625 ὧν)
1570 568 1601 628 ἢ

127 625 263 678 πόλις
277 625 527 681 βλάπτεται
547 623 596 670 εὖ
618 624 698 672 οἶδ’
721 628 792 671 ὅτι
813 627 993 685 φήσαιτ’
1012 630 1065 673 ἂν
1085 623 1198 672 εἶναι
1215 625 1360 671 δεινόν
1379 652 1453 671 --.
1496 626 1599 670 Sci-

121 687 229 729 licet
249 698 361 741 quae
379 683 434 725 ab
453 684 605 740 aliquo
626 690 703 728 aut
721 701 802 743 per
820 687 1014 742 aliquem
1032 687 1144 728 fiunt
1171 700 1337 743 quaeve
1363 683 1419 726 ab
1442 683 1597 741 aliquo

125 742 425 800 accipiuntur,
479 754 628 785 eorum
667 742 784 785 ratio
815 757 894 785 cur
921 744 1030 785 liant
1058 747 1135 785 aut
1165 742 1440 799 accipiantur
1469 742 1516 784 ‘in
1545 755 1595 783 eo

111 800 215 843 sita
249 813 349 842 esse
389 798 578 853 cogitari
613 805 787 857 potest,
833 798 949 842 unde
985 800 1096 842 fiant
1133 806 1211 842 aut
1241 799 1597 867 proficiscantur.

123 856 275 914 Quare
297 856 343 898 iu
363 870 414 898 eo
433 856 627 898 locorum
662 871 849 911 genere,
878 855 994 914 quod
1021 857 1175 915 paucis
1204 872 1244 901 v.
1275 855 1520 909 declaravi,
1548 871 1598 897 εκ

120 914 389 968 indefinitum
405 917 490 956 est.
545 912 583 956 N
596 913 676 956 ihil
691 914 807 956 enim
827 928 883 956 ex
901 914 982 957 hac
1002 929 1106 957 voce
1125 913 1352 966 discimus,
1381 913 1469 956 nisi
1492 926 1600 954 cau-

125 985 218 1014 sam
238 974 316 1012 aut
334 970 549 1024 originem
576 970 622 1012 in
649 971 792 1027 aliquo
823 986 950 1024 esse3
978 975 1198 1028 quatenus
1226 971 1391 1027 aliquis
1419 970 1488 1012 rei
1516 983 1600 1011 au-

121 1033 219 1072 ctor
238 1028 321 1080 sit,
350 1028 439 1070 uisi
457 1027 526 1070 vel
553 1042 626 1069 res
653 1028 723 1070 vel
749 1032 956 1071 contexta
987 1028 1131 1071 oratio
1163 1027 1386 1080 docuerit,
1416 1027 1599 1081 ignora-

124 1101 237 1128 muS.
307 1083 438 1139 Quod
466 1085 723 1140 praeverhia
754 1080 869 1135 ὑπό,
906 1083 1024 1137 ἀπό,
1066 1084 1218 1141 παρά,
1261 1083 1336 1126 διά
1373 1084 1600 1141 aperiunt,

107 1148 214 1185 .tum
246 1156 270 1183 a
295 1141 480 1185 Graecis
509 1142 720 1184 collocari
746 1142 903 1196 solita,
944 1157 1076 1199 quum
1102 1157 1197 1184 rem
1226 1142 1404 1195 delinire
1422 1141 1600 1184 volunt.

107 1199 311 1252 Calvini,
355 1200 434 1242 Er.
471 1197 701 1252 Schmidie',
747 1199 921 1254 Bezae,
971 1199 1111 1252 Wolfti
1146 1199 1206 1242 al.
1254 1198 1598 1256 interpretatio:

120 1271 221 1299 nam
243 1260 392 1299 reatus
409 1269 463 1297 ex
487 1255 570 1297 uua
607 1254 771 1299 offensa
805 1257 904 1314 [per
922 1259 1076 1313 unum]
1107 1256 1241 1299 vertit
1267 1255 1314 1297 in
1341 1255 1601 1298 condemua-

119 1315 283 1356 iionem
303 1317 524 1354 aeternam
541 1312 700 1354 vitiosa
721 1317 806 1356 est.
864 1312 1023 1370 Neque
1046 1314 1161 1356 enim
1183 1310 1235 1356 τὸ
1254 1309 1390 1367 κρίμα
1405 1312 1599 1366 culpam,

117 1374 290 1414 reatum
309 1368 505 1412 denotat.
564 1368 753 1412 Temere
773 1370 898 1412 sza
919 1370 964 1412 in
982 1371 1095 1413 hanc
1113 1385 1206 1412 rem
1235 1369 1389 1411 citavit
1405 1368 1434 1412 J
1436 1382 1501 1412 er.
1519 1369 1600 1421 26,

119 1428 192 1471 11.
222 1431 480 1484 τῃξ-ιεξτρνρ
508 1424 662 1468 LXX.
681 1425 827 1482 κρίσις
851 1423 1069 1472 θανάτου.
1125 1425 1368 1469 Praeterea
1386 1423 1597 1468 Adamus

118 1486 305 1530 mortem
337 1482 580 1535 physicum,
608 1497 694 1524 nou
724 1483 1020 1536 sempiternae
1046 1497 1242 1538 geennae
1268 1485 1490 1524 tormenta
1511 1482 1598 1523 ho-

117 1539 312 1582 minibus
331 1538 498 1580 inflixit
515 1538 569 1579 cf.
596 1553 637 1582 v.
660 1539 747 1582 12..
806 1539 981 1592 Quodsi
1010 1540 1062 1580 τὸ
1090 1538 1228 1596 κρίμα
1253 1544 1331 1580 aut
1356 1538 1599 1591 damnatio,

104 1594 196 1640 >aut
219 1609 356 1652 poena
388 1598 465 1636 aut
488 1594 649 1637 crimen
678 1593 918 1652 exponitur
945 1596 1108 1652 partim
1133 1596 1368 1640 verborum
1398 1596 1598 1651 graviter

114 1654 422 1724 oppositorum
451 1648 523 1707 (τὸ
555 1651 637 1705 μὲν
665 1650 840 1708 κρίμα
866 1677 921 1684 —-
952 1650 1123 1708 ἐγένετο
1153 1650 1220 1702 εἰς
1248 1648 1593 1709 κατάκριμα,

116 1727 168 1753 το
198 1711 248 1753 δὲ
271 1708 520 1765 χάρισμα
558 1732 612 1740 -
650 1706 716 1758 εἷς
750 1705 1038 1763 δικαίωμά
1069 1708 1210 1764 ἐστιν)
1249 1723 1429 1751 acumen
1457 1708 1596 1751 hebe-

114 1771 238 1811 tatur
265 1766 427 1823 partim
454 1764 601 1807 aliena
630 1766 849 1808 sententia
872 1767 968 1824 Ap.
997 1765 1292 1823 disputationi
1320 1765 1596 1810 obtruditur.

112 1848 171 1859 ·-
208 1822 438 1866 Hactenus
459 1819 512 1864 P.
539 1823 621 1863 τοῦ
651 1819 916 1877 δωρήματος
938 1823 1232 1865 conditionem
1273 1838 1299 1864 a
1332 1826 1414 1864 τοῦ
1439 1837 1595 1878 παρα-

103 1878 347 1934 ,πτώματος
364 1893 445 1936 per
464 1891 595 1920 unum
617 1879 835 1920 hominem
853 1881 926 1935 qui
941 1879 1201 1932 peccavisset
1230 1879 1394 1921 invecti
1414 1881 1596 1922 ratione

112 1937 369 1993 discrepare
397 1933 566 1976 monuit
591 1935 689 1989 (καὶ
721 1931 798 1986 οὐχ
823 1959 879 1966 —-
904 1935 955 1976 τὸ
982 1933 1189 1991 δωρήμα)
1218 1942 1262 1977 et
1285 1933 1362 1978 ἕνα
1381 1932 1594 1992 ἅμαρτή-

112 2007 251 2036 σαντα
269 1993 350 2034 τοῦ
364 1986 716 2043 παραπτώματος
735 2005 910 2048 causam
938 1992 1093 2048 utique
1116 1993 1260 2034 fuisse
1288 1991 1490 2034 ostendit
1517 1991 1590 2048 (τὸ

111 2049 195 2103 μὲν
222 2046 305 2104 γὰρ
333 2063 400 2103 κρ.
427 2046 477 2097 ἐξ
494 2042 531 2089 ἕ.
553 2061 588 2088 ε.
606 2047 692 2101 ’κ.).
748 2046 903 2101 Nunc,
944 2048 1188 2105 cujusmodi
1216 2050 1278 2091 sit
1301 2048 1352 2091 τὸ
1384 2045 1590 2106 δώρημα,

112 2105 232 2162 quod
248 2106 321 2148 hie
342 2118 516 2160 quoque
537 2117 561 2144 a
578 2104 641 2159 τῷ
659 2103 985 2159 παραπτώματι
1006 2105 1271 2162 disjunctum
1289 2119 1388 2148 esse
1411 2103 1471 2148 ex}
1488 2111 1592 2150 ante

112 2163 245 2205 dictis
267 2161 413 2219 quivis
430 2160 562 2203 facile
579 2166 842 2215 augur-etur,
873 2164 968 2220 Ap.
988 2164 1200 2221 explanat
1227 2163 1300 2220 (τὸ
1320 2162 1368 2206 δὲ
1385 2159 1591 2219 χάρισμα

110 2219 147 2263 ἐ.
159 2238 201 2262 π.
213 2234 301 2262 me.
314 2219 389 2274 δ.).
438 2214 693 2270 Δικαίωμα,
725 2219 930 2274 quoniam
948 2219 1045 2262 voci
1058 2217 1310 2275 κατάκριμα
1327 2220 1591 2277 opponitur,

109 2282 228 2321 recte
254 2274 425 2333 factum
453 2276 515 2329 (v.
545 2273 615 2316 18.
644 2276 791 2332 Apoc.
814 2277 893 2330 19,
915 2276 957 2320 8.
986 2276 1096 2320 Bar.
1116 2277 1168 2331 2,
1191 2278 1283 2333 19.)
1319 2277 1472 2320 valere
1499 2291 1588 2320 non

109 2339 260 2391 potest
277 2331 331 2374 de
351 2331 492 2376 Grotii
512 2334 732 2374 sententia
753 2334 870 2389 (,,αιί
887 2334 1021 2376 vitam
1039 2338 1206 2377 rectam
1221 2334 1309 2377 sive
1328 2339 1586 2390 perpetuam

110 2390 393 2432 obedientiam
404 2389 430 2405 ''
462 2387 507 2431 h.
531 2403 571 2431 e.
599 2393 676 2430 aut
706 2386 772 2438 εἷς
799 2386 1099 2443 δικαιώματα,
1136 2395 1215 2433 aut
1238 2391 1396 2433 saltem
1420 2389 1494 2441 εἰς
1520 2391 1582 2433 τὸ

110 2445 358 2498 δικαίωμα,
396 2459 484 2487 non
511 2443 577 2495 εἷς
603 2445 872 2502 δικαίωμα),
901 2450 953 2489 ut
975 2446 1068 2506 jam
1085 2448 1198 2490 vidit
1214 2447 1428 2493 Calavius..
1486 2447 1582 2490 Oh-

88 2507 202 2545 'stat
236 2503 369 2545 etiam
409 2502 552 2545 Gratia·
582 2503 769 2545 consilio
809 2508 1062 2546 nostrorum
1096 2519 1140 2549 v.
1179 2503 1397 2563 expositio
1429 2519 1472 2549 v.
1492 2506 1582 2551 17..

105 2558 204 2602 Imo
226 2557 449 2612 δικαίωμα
476 2559 520 2602 h.
540 2558 574 2603 l.
601 2559 688 2602 vim
715 2560 872 2612 hahet,
908 2575 932 2602 a
962 2565 1209 2619 potestate,
1247 2577 1376 2619 quam
1403 2560 1580 2605 ‚Paulus

105 2632 181 2660 suo
205 2617 404 2658 instituto
428 2615 561 2658 verbo
594 2614 781 2658 δικαιόω
809 2616 992 2671 tribuit,
1037 2633 1316 2676 suspensam.
1389 2619 1580 2665 Graecis

64 2698 72 2706 ·
105 2674 158 2716 τὸ
191 2671 413 2725 δικαίωμα
436 2686 515 2727 quo
544 2672 708 2727 aliquid
741 2674 795 2714 ab
830 2673 971 2729 aliquo
990 2673 1165 2729 justum
1191 2677 1466 2721 declaratum
1496 2681 1578 2727 est,

104 2730 264 2786 leyem,
292 2729 573 2781 senientiam,
602 2729 1002 2785 decretum(1‚32.)
1024 2732 1268 2788 significat3
1300 2733 1468 2784 Paulo,
1498 2735 1576 2790 qui

101 2786 317 2832 formulae
338 2786 539 2828 δικαιοῦν
557 2800 655 2827 τινα
672 2785 786 2830 hanc
801 2789 1066 2833 sententiam
1085 2789 1348 2850 subjecerit:
1369 2792 1574 2848 aliquem,
