1752 3347
534 182 687 232 CAP.
717 184 815 230 lv,
856 182 951 231 Vs.
982 185 1065 231 19.
1415 185 1504 230 243

36 292 194 352 punxit
212 291 396 337 Laeli-m.
436 293 504 335 At
523 296 782 336 correctores
799 292 1077 334 sustulerunt
1096 303 1258 346 vocem,
1287 296 1363 335 aut
1379 292 1500 349 quod

35 364 129 393 eam
158 363 524 406 supervacaneam
557 349 832 406 putavissent
855 349 1002 391 verbis
1033 349 1095 391 ita
1124 348 1383 417 dispositis:
1416 352 1500 395 ,καὶ

37 405 345 462 κατενόησε
373 405 440 462 μή
475 403 792 460 ἇσθένησας
819 406 883 463 τῇ
907 404 1097 448 πίστει
1116 403 1167 447 τὸ
1186 421 1221 448 ε.
1243 406 1368 460 σῶμα
1387 411 1497 451 em:

32 467 78 506 et
116 477 213 505 raon
252 468 309 505 ut
340 463 525 505 tenuis
562 461 674 516 (sed
707 467 756 503 ut
793 462 973 515 firmae)
1005 462 1153 531 fidei
1192 463 1339 505 homo
1370 478 1499 506 snum

33 524 271 561 emortuum
292 533 443 572 corpus
463 519 742 560 conside-rarii
771 519 909 574 (quod
931 518 970 560 si
992 516 1244 575 cnofitevtsoccg
1263 520 1318 576 τῇ
1344 518 1499 562 πίστει

31 574 383 627 considerasset,
436 574 523 616 div.
565 573 828 629 promissum
866 574 1218 630 addubitasset),
1262 580 1341 617 aut
1378 574 1498 633 quod

31 646 164 688 quum
203 643 244 672 v.
283 633 508 670 κατανοεῖν
543 643 698 685 parum
727 633 845 670 reete
874 645 923 672 ex
959 631 1186 673 lanassent
1217 631 1498 687 negationem

28 687 138 730 ferri
156 699 240 727 non
260 699 391 742 posse
406 684 495 727 sibi
523 686 871 742 persuasissent.
927 644 1176 743 lleputasw
1203 688 1319 730 enim
1342 687 1498 730 Abra-

27 743 225 795 hamum,
255 755 385 798 quam
406 746 527 784 esset
548 755 732 798 corpore
763 741 893 783 effeto
924 744 1164 786 senectutis
1192 744 1303 787 hene
1331 759 1497 787 memo-a

25 813 119 843 rem
140 798 253 843 Gen.
275 799 342 851 17,
363 800 447 843 17..
507 796 739 841 Posterius
764 802 814 840 ut
842 799 991 855 potius
1022 798 1196 842 credam
1223 801 1331 843 facit
1358 802 1496 846 lectio

28 856 159 914 Syri,
197 854 424 900 Theudor.
453 855 526 899 32.
557 851 623 905 ὡς
651 856 805 911 (Arm.
831 855 972 900 Aeth.
1003 855 1125 911 licet)
1161 857 1400 914 κατενόησε
1427 861 1497 915 (et

27 939 81 948 —-
97 926 226 971 qmtm
242 913 502 967 respexisset
524 927 649 954 suum
662 911 756 971 jam
779 911 955 954 effetum
976 926 1135 970 corpus
1155 938 1207 944 -——
1224 927 1310 956 non
1330 925 1496 957 vero—⁴-

25 968 287 1022 haesitmit,
317 968 536 1025 sed—.);
566 969 654 1010 nisi
680 969 797 1011 forte
826 969 915 1012 alia
944 970 1079 1011 alium
1108 968 1163 1011 ad
1187 969 1498 1027 corrigendum

25 1041 157 1070 eausa
179 1025 372 1083 impulit.
428 1027 500 1069 Ae
522 1026 758 1081 genuinum
782 1041 880 1068 esse
903 1022 978 1074 οὗ,
1007 1027 1162 1069 meula
1183 1025 1232 1068 δέ·
1249 1028 1498 1085 oppositio-

24 1098 124 1126 nem
144 1083 340 1125 inferens
359 1097 399 1127 v.
420 1083 491 1127 20.
508 1082 660 1136 docet,
689 1081 805 1139 quod
834 1097 888 1125 ne
915 1082 1128 1125 librarios
1161 1083 1337 1140 quidem
1365 1098 1498 1142 prae-

24 1140 233 1193 terisset‚
264 1140 304 1182 si
331 1137 385 1183 P.
415 1139 607 1197 simplici
634 1139 914 1197 oppositione
943 1139 1173 1182 contentus
1205 1141 1497 1198 scripsisset:

24 1198 100 1239 καὶ
134 1192 198 1252 μή
232 1192 486 1252 ἀσθενήσας
513 1197 569 1252 τῆ
597 1193 748 1238 πίστει
789 1193 850 1238 οὐ
885 1194 1186 1252 κατενόησε
1217 1222 1274 1229 -—-
1302 1197 1496 1254 Σάῤῥας,

25 1251 425 1308 ἐνεδυναμώθη
456 1252 515 1296 δὲ
544 1253 597 1309 τῇ
618 1250 795 1303 πίστει,
824 1251 927 1302 δοὺς
956 1257 1057 1296 etc..
1114 1252 1203 1296 Sed
1235 1267 1321 1310 quo
1350 1254 1496 1310 magis

24 1310 151 1352 firma
169 1309 417 1353 Abrahami
437 1308 548 1351 fides
574 1315 942 1364 exaggeraretur,
972 1323 1124 1352 novam
1147 1323 1189 1353 v.
1208 1310 1280 1355 20.
1310 1311 1497 1369 opposi-

1321 1369 1334 1384 Ἰ

23 1366 191 1409 tionem
223 1366 294 1409 illi
339 1369 403 1423 (V.
437 1367 531 1424 19.)
569 1370 801 1408 annectere
840 1365 1019 1410 maluit:
1068 1363 1134 1416 εἷς
1163 1367 1220 1410 δὲ
1247 1382 1285 1409 τ.
1315 1386 1348 1410 ε.
1375 1382 1415 1410 τ.
1440 1370 1494 1412 θ.

24 1425 84 1473 οὗ
114 1431 380 1489 διεκρίθη
408 1448 446 1475 τ.
470 1433 538 1483 οἱ,
576 1425 674 1472 ἀλλ’
707 1432 1019 1487 ἐνεδυναμώθη
1047 1448 1086 1475 τ.
1117 1448 1182 1475 π..
1250 1433 1374 1477 Haec
1396 1434 1493 1496 J'am

22 1490 171 1533 monui
192 1489 238 1531 in
257 1491 314 1533 l.:
343 1492 557 1542 &enbscbtu
579 1504 630 1536 an
653 1493 724 1534 ben
745 1490 805 1533 D.
830 1490 1000 1544 Zbotud’
1050 1522 1060 1533 .
1081 1491 1170 1533 76..
1210 1487 1274 1546 μή
1292 1487 1495 1550 ἀσθενή-

23 1561 106 1596 σας
128 1546 183 1602 τῇ·
210 1543 389 1601 πίστει]
427 1544 625 1589 Litotes:
666 1546 768 1601 quia
799 1546 917 1587 leand
944 1546 1001 1587 ‘im
1032 1546 1177 1587 ecillus
1206 1546 1314 1602 (imo
1339 1549 1494 1605 potius

21 1603 247 1646 admodum
260 1600 433 1656 firmus)
466 1606 587 1644 esset
612 1600 715 1645 fide.
772 1598 988 1643 Litotetis
1016 1602 1219 1659 exempla
1236 1602 1414 1662 Selenes.
1435 1604 1495 1648 ad

22 1658 159 1715 Greg.
179 1658 280 1702 Cor.
300 1673 345 1716 p.
363 1659 436 1702 98.
459 1673 527 1715 sq.
552 1658 750 1713 collegit.
809 1657 1003 1700 Dativus
1031 1658 1086 1716 τῇ
1116 1657 1268 1701 πίστει
1289 1673 1382 1703 rem
1412 1676 1494 1704 ex-

19 1715 200 1775 primit,
229 1715 285 1757 ad
305 1729 434 1772 quam
451 1715 698 1758 Abrahami
720 1715 907 1757 firmitas
927 1715 1194 1770 pertinuerit
1209 1717 1319 1770 (seced
1334 1718 1497 1762 [attinet

23 1773 80 1816 ad
99 1772 230 1826 fidem
260 1774 308 1828 (l
328 1771 431 1816 Gor.
461 1773 537 1827 14,
560 1773 632 1815 20.
661 1771 771 1815 Eur.
797 1770 897 1829 Iph.
919 1771 977 1814 T.
1004 1786 1045 1815 v.
1065 1772 1165 1816 885.
1191 1772 1383 1829 Herm).
1437 1775 1495 1834 τῇ

21 1827 200 1899 niam]
227 1826 281 1871 ἐν
308 1829 362 1886 τῇ
382 1829 534 1872 πίστει
551 1829 643 1872 Dii.
657 1829 772 1872 E.F.
787 1828 843 1872 G.
857 1827 978 1871 Clar.
990 1827 1304 1882 Julian.Beda‚
1321 1845 1356 1886 ‘e
1373 1830 1491 1886 yles-

3 1899 125 1935 sem.
161 1886 410 1942 (Ασθενεῖν
428 1883 474 1928 ἐν
500 1901 589 1928 τινι
617 1885 745 1929 Rom.
773 1886 848 1937 14,
878 1886 951 1928 21.
975 1884 1005 1927 i.
1030 1899 1073 1941 q.
1101 1882 1272 1940 ἀσθενῆ
1299 1887 1414 1928 εἶναι
1441 1883 1490 1929 ἓν

20 1942 146 1999 τινι).
204 1938 256 1983 οὐ
273 1937 522 1998 κατενόησε]
553 1941 615 1987 V.
634 1944 860 1983 κατανοεῖν
878 1955 1021 2007 neque
1047 1941 1238 1983 animum
1267 1942 1493 1987 advertere

21 1998 82 2041 ad
100 2022 177 2049 -·,
215 2010 358 2054 neque
387 1998 654 2042 considerare
686 1997 730 2040 h.
757 1997 789 2040 l.
821 1997 1058 2052 significat.
1131 1996 1337 2040 Meminit
1372 1999 1492 2043 enim

20 2052 210 2106 Abrah„
241 2057 403 2111 quanta
426 2060 470 2096 et
490 2069 568 2096 sua
593 2058 714 2097 esset
736 2058 781 2096 et
799 2054 950 2096 uxoris
969 2057 1173 2096 senectus
1196 2053 1307 2098 Gen.
1321 2055 1495 2109 17‚17..

20 2108 262 2153 Praeterea
298 2111 438 2153 levem
470 2110 598 2152 nohis
628 2109 681 2154 P.
715 2115 760 2152 et
788 2112 901 2152 male
927 2109 1152 2152 credulum
1183 2110 1494 2155 Abrahamum

21 2171 274 2220 narrasset,
301 2168 372 2210 cui
391 2167 479 2211 div.
497 2168 764 2225 promissum
784 2171 950 2209 temere
970 2168 1170 2225 amplexo
1190 2182 1270 2210 sua
1291 2172 1336 2210 et
1354 2169 1494 2211 Sarae

22 2229 198 2265 senecta
221 2223 275 2265 ad
294 2224 589 2282 procreandos
609 2225 776 2266 liberos
796 2224 970 2266 minime
991 2223 1146 2266 idonea
1167 2238 1221 2266 ne
1244 2226 1493 2268 succurris-

23 2284 92 2322 set
110 2279 306 2336 quidem,
332 2286 378 2323 ut
400 2286 562 2339 quanto
593 2284 646 2323 se'
667 2286 711 2323 et
736 2295 917 2322 uxorem
945 2285 1124 2339 praeter
1156 2286 1339 2324 naturae
1369 2282 1492 2325 ordi-

22 2350 121 2391 nem
139 2336 367 2394 legemque
383 2338 595 2381 beneficio
615 2341 849 2381 ornaturus
872 2343 992 2380 esset
1008 2338 1134 2380 Deus
1154 2352 1239 2380 non
1270 2339 1358 2380 rite
1385 2353 1489 2397 per-

27 2391 258 2451 penderet.
326 2393 445 2449 Quin
476 2398 702 2437 κατανοεῖν
735 2395 877 2437 oeulos
901 2400 1165 2451 mentemque
1193 2395 1237 2436 in
1264 2409 1312 2437 re
1336 2395 1366 2437 d
1375 2410 1397 2438 e
1406 2395 1438 2454 f
1442 2396 1489 2439 i-

22 2463 167 2504 gere,
199 2451 259 2494 bie
277 2452 617 2506 etufmetfsamfeit
635 2455 706 2506 auf
736 2457 858 2496 etmas
887 2453 1088 2506 heftenl
1114 2450 1158 2494 h.
1178 2450 1212 2494 l.
1238 2451 1357 2494 valet
1373 2451 1488 2499 Luc.

24 2505 188 2559 12524.
220 2506 360 2550 Hebr.
376 2508 418 2560 3,
441 2510 498 2551 1..
556 2507 687 2551 Unde
708 2507 758 2551 P.
778 2507 1081 2549 Abrahamum
1109 2506 1165 2548 ad
1185 2521 1308 2549 suam
1336 2511 1382 2551 et
1404 2508 1487 2552 Sa'-

23 2575 99 2604 rae
130 2567 398 2605 seueetutem
433 2565 623 2607 animum
652 2564 896 2607 advertisse
925 2564 1102 2606 minime
1131 2564 1330 2618 uegavit3
1372 2565 1489 2608 illud

24 2619 222 2674 negavit,
250 2620 308 2661 ita
332 2634 428 2661 eum
449 2621 504 2662 ad
520 2637 646 2665 suum
665 2626 709 2663 et
728 2621 882 2662 uxoris
912 2620 1179 2677 decrepitum
1203 2634 1363 2679 eorpus
1392 2623 1498 2665 ani-¹

26 2687 139 2717 mum
160 2675 406 2718 advertisse
420 2709 430 2728 ‚
457 2682 507 2719 ut
527 2678 641 2720 nihil
661 2682 804 2719 mente
825 2677 1016 2729 agitaret
1033 2676 1175 2729 aliud;
1206 2677 1324 2735 quod
1354 2678 1395 2722 si
1418 2680 1495 2722 fe-·

27 2731 185 2786 uisset,
215 2732 487 2775 incredibilis
507 2735 549 2776 ei
574 2735 669 2776 visa
703 2738 822 2775 esset
842 2733 932 2776 Dei
958 2734 1210 2790 promissio.
1264 2734 1388 2778 Haec
1417 2741 1490 2779 est

26 2786 166 2842 igitur
196 2787 249 2833 P.
277 2790 517 2834 sententia:
563 2790 868 2832 Abrahamum
898 2805 979 2847 pro
1008 2789 1112 2832 fidei
1144 2806 1248 2833 suae
1275 2792 1488 2834 firmitate

26 2842 72 2886 in
88 2858 166 2889 suo
188 2851 233 2890 et
252 2845 390 2890 Sarae
411 2846 633 2905 decrepito
660 2861 842 2906 corpore
861 2852 1047 2890 mentem
1068 2861 1147 2890 non
1171 2848 1371 2901 defixisse
1393 2850 1432 2891 h.
1446 2864 1487 2895 e.

1000 2902 1101 2961 σε
