1752 3347
230 189 315 232 130
515 189 897 234 EPISTULA
928 190 1032 234 AD
1062 189 1426 236 ROMANOS

231 293 311 338 cd.
336 290 494 351 ὁδηγός
513 296 573 339 sit
592 309 674 352 pro
696 289 875 353 ὃδηγόν,
906 295 1057 339 vitium
1077 300 1162 340 est.
1220 294 1547 353 Saepenumero
1566 297 1706 340 libra-

231 351 289 394 rii
318 368 334 394 ι
361 353 657 409 subscriptum
686 355 731 394 et
748 369 771 393 ν
797 352 1080 397 confundunt.
1138 351 1309 408 Quater
1328 358 1472 395 autem
1494 352 1544 398 P.
1562 361 1606 397 et
1630 369 1706 396 sa-

230 408 396 465 pientis
417 409 618 462 magistri
638 413 682 450 et
700 407 826 451 rudis
846 410 923 465 qui
954 409 1233 452 institutione
1261 414 1388 465 egeat
1414 409 1602 452 hominis
1628 426 1706 453 no·

229 465 390 507 tionem
412 465 618 520 exprimit
636 465 959 532 gravibusque,
991 466 1152 523 quihus
1171 467 1340 508 feroces
1364 465 1543 520 Judaei,
1573 481 1706 522 quum

229 536 281 564 se
297 522 587 575 extollerent,
619 522 808 577 gentiles
834 523 1180 580 vilipenderent,
1221 523 1482 576 utebantur,
1519 523 1708 566 vocabu-

228 579 287 620 lis
312 583 543 634 utramque
566 579 790 632 enuntiat,
834 594 920 636 quo
950 580 1089 635 magis
1121 594 1275 622 vanam
1303 594 1402 622 esse
1422 578 1709 632 Judaeorum,

232 635 306 690 qui
341 634 547 676 nimirum
585 649 662 677 ore
695 640 824 678 tenus
859 637 1057 694 sapiant,
1093 637 1347 695 superbiam
1377 637 1597 680 sentiatur
1626 635 1708 691 (cf.

229 705 271 734 v.
303 691 375 734 21.
406 692 512 748 sq.).
576 691 765 735 Dixisse
790 691 976 735 Paulum
1014 709 1182 747 caecos,
1223 693 1414 736 homines
1448 695 1489 735 in
1518 692 1709 735 tenebris

229 749 507 801 constitutos,
536 749 692 792 stultos
712 756 756 792 et
775 749 969 807 infantes
987 765 1127 807 neque
1150 750 1316 806 plebem
1339 750 1594 806 judaicam,
1647 749 1706 794 cf.

227 802 431 860 Roehm.)
450 819 591 861 neque
608 807 849 860 proselytos
871 809 933 863 (ι’.
953 807 1126 863 Cleops-3.)
1149 812 1314 850 certum
1346 811 1430 851 est.
1487 805 1603 848 Nam
1656 821 1707 848 u-

229 859 362 902 daeos
382 875 423 905 v.
450 863 516 905 17.
539 877 608 919 sq.
632 863 898 917 gentilibus,
926 862 980 905 de
1010 864 1169 920 quibus
1197 879 1238 907 v.
1271 864 1340 907 14.
1365 878 1434 920 sq.
1465 863 1706 921 separatim

217 917 523 969 disseruerat,
554 920 753 977 opponit.
810 919 930 963 Male
951 921 1090 976 igitur
1117 922 1192 977 qui
1221 920 1274 962 ab
1292 921 1386 977 Ap.
1414 921 1707 976 compellatur

228 975 417 1017 Judaeus
444 990 485 1019 v.
509 977 578 1019 17.
607 991 677 1033 sq.
703 975 759 1019 ad
781 976 1050 1021 Iudaeorum
1074 982 1271 1033 purtem,
1312 977 1433 1018 velut
1461 975 1518 1017 ad
1551 975 1706 1018 doctos

226 1030 443 1087 JudanS,
473 1033 690 1087 refertur,
720 1033 846 1092 cujus
876 1035 1049 1076 nomine
1076 1048 1221 1076 omncs
1241 1033 1396 1075 Jmlaei
1421 1032 1706 1091 comprehen-

225 1087 402 1132 dantur.
458 1089 589 1143 Quod
608 1090 647 1132 si
668 1083 818 1132 veru'm
841 1095 933 1143 est,
973 1087 1160 1145 τυφλοί,
1197 1086 1239 1131 οὶ
1271 1087 1314 1131 ἐν
1343 1085 1494 1131 σκότει
1524 1106 1562 1132 κ.
1594 1105 1632 1132 τ.
1663 1090 1703 1131 λ..

226 1145 304 1202 qui
331 1145 386 1187 ab
407 1145 576 1190 Judaeo
602 1146 962 1201 distinguuntur,
1000 1161 1054 1189 ne
1083 1145 1241 1190 Judaei
1271 1144 1446 1202 quidem
1477 1160 1576 1189 esse
1593 1160 1704 1213 pos-

224 1206 343 1246 sunt.
401 1198 562 1258 ὁδηγὸν
580 1197 691 1245 εἶναι
704 1203 901 1259 τυφλῶν]
934 1203 1002 1247 Cf.
1023 1203 1182 1246 Matth.
1206 1202 1274 1256 15,
1290 1203 1376 1247 14..
1474 1205 1533 1253 ῶς
1550 1219 1638 1245 των
1657 1201 1704 1246 ἐν

224 1256 394 1314 σκότει]
424 1258 492 1303 Cf.
521 1258 683 1303 Matth.
702 1260 845 1311 4‚16..
903 1259 1147 1317 παιδευτὴν
1170 1257 1395 1315 ἀφρόνων]
1468 1291 1480 1302 .
1510 1274 1550 1305 e.
1578 1259 1703 1303 stoli-

221 1316 374 1358 dorum
402 1316 675 1386 maye‘strnm.
732 1316 850 1358 Nam
880 1318 955 1374 qui
984 1310 1178 1374 ἄφρονες
1207 1322 1419 1358 vocantur
1447 1330 1473 1358 a
1501 1316 1702 1373 τὺφλοῖς,

221 1374 317 1420 τοῖς
337 1370 381 1413 ἐν
402 1386 551 1414 σκοτει
569 1377 612 1415 et
631 1370 812 1430 νηπίοις
833 1374 947 1416 nihil
974 1372 1153 1416 differre
1182 1374 1397 1415 orationis
1426 1373 1704 1431 perpetuitas

220 1426 348 1469 docet
378 1429 438 1484 (v.
467 1430 640 1487 supra).
706 1428 775 1472 Ita
814 1445 867 1472 ue
896 1431 1038 1473 altera
1067 1430 1309 1488 explicatio
1340 1431 1702 1474 scelestorum

220 1484 439 1527 hominum
461 1487 539 1541 (cf.
565 1487 629 1542 17.-ἐξ
659 1483 739 1531 Ps.
818 1488 907 1542 ‚2.)
933 1489 1043 1530 casti
1072 1493 1236 1530 fetorem
1268 1502 1305 1530 s.
1335 1491 1616 1530 correctorem
1636 1488 1700 1542 (v,

221 1540 388 1596 Kopp.)
411 1543 520 1584 ferri
548 1543 593 1586 h.
622 1543 655 1586 l.
686 1558 772 1586 non
804 1547 967 1601 potest.
1029 1503 1301 1585 dchcioxalov
1329 1542 1519 1600 νηπίων]
1550 1541 1700 1599 infan-

221 1598 332 1640 tium
363 1600 611 1653 (puerorum
635 1599 863 1642 Romanus
893 1600 1079 1654 diceret)
1103 1599 1333 1642 doctorem.
1391 1598 1487 1643 Jam
1519 1599 1574 1641 ab
1602 1599 1699 1643 Ho-

220 1667 340 1701 mero
358 1658 420 1710 (ν.
443 1670 480 1698 c.
501 1654 560 1700 ll.
581 1657 649 1709 1⁷,
661 1655 754 1710 32.)
776 1653 936 1713 νήπιος
956 1656 1012 1699 ad
1040 1660 1228 1698 mentem
1256 1657 1474 1699 refertur:
1511 1656 1585 1713 qui
1614 1671 1699 1699 novo

215 1710 322 1765 plns
341 1711 510 1766 sapiat,
540 1727 668 1768 (licam
686 1713 857 1770 infanS,
895 1713 1013 1756 homo
1041 1713 1214 1756 Multus.
1273 1712 1434 1755 Fuisse
1458 1712 1553 1771 jam
1582 1713 1699 1756 nnti-

224 1767 397 1823 quitus,
430 1769 505 1824 qui
524 1768 602 1824 τὴν
622 1767 861 1826 μόρφωσιν
879 1769 1070 1827 formam
1101 1769 1161 1810 ita
1194 1769 1618 1827 interpretarentur,
1647 1775 1699 1813 ut

216 1824 384 1866 formae
423 1831 556 1882 atque
587 1826 766 1869 umbrae
796 1841 886 1869 rem
918 1827 1057 1884 ipsam
1087 1826 1222 1868 tacite
1250 1831 1521 1884 opponerent
1550 1832 1594 1869 et
1619 1823 1698 1882 τήν

213 1879 456 1938 μόρφωσιν
475 1897 555 1939 pro
576 1884 715 1938 specie
734 1885 783 1939 (2
804 1883 924 1927 Tim.
947 1884 989 1936 3,
1001 1885 1066 1938 5.)
1084 1890 1308 1925 sumerent
1329 1887 1485 1939 (quum
1513 1885 1699 1939 speciem

214 1938 463 1994 sapientiae
487 1943 530 1980 et
548 1940 750 1982 veritatis
769 1941 814 1982 in
833 1941 933 1993 lege
952 1940 1115 1981 habeas
1128 1972 1139 1992 ,
1170 1955 1255 1982 non
1275 1941 1532 1994 sapientium
1554 1941 1695 1996 ipsam

212 1998 292 2035 aut
305 1995 539 2050 yenm‘nam
558 1997 827 2053 veritatem),
862 1997 1093 2052 Theophyl.
1115 1998 1266 2041 refert.
1326 1995 1416 2053 Qui
1445 2011 1529 2039 non
1561 2011 1695 2056 repu-

213 2055 387 2105 tarunt,
420 2049 470 2096 P.
494 2052 640 2095 verbis
662 2049 815 2106 ἒᾷςοντα
835 2080 891 2086 ——
911 2052 956 2096 ἑν
975 2056 1038 2109 τῷ
1061 2050 1179 2110 νόμῳ
1200 2068 1373 2096 eausam
1395 2054 1576 2107 afferre,
1605 2055 1693 2111 qua

211 2108 322 2150 moti
342 2107 502 2152 Judaei
532 2124 580 2152 se
607 2111 831 2166 legitimos
859 2111 1165 2168 imperitorum
1193 2111 1426 2165 gentilium
1455 2112 1694 2166 magistros

210 2179 312 2207 esse
335 2165 550 2210 confidere
570 2172 766 2225 possent.
822 2167 924 2211 Non
945 2167 1084 2223 igitur
1102 2167 1218 2224 quod
1235 2169 1376 2223 legem
1396 2182 1505 2212 mos.
1526 2169 1570 2210 ia
1589 2182 1693 2210 con·

211 2226 393 2265 temtum
415 2222 674 2279 adduceret,
708 2224 786 2267 sed
810 2225 925 2282 quod
947 2240 1042 2267 eam
1064 2231 1140 2267 aut
1159 2240 1260 2267 vere
1283 2231 1359 2267 aut
1383 2226 1540 2267 saltem
1569 2240 1593 2268 e
1610 2225 1692 2270 Ju-

211 2277 420 2322 daeornrn
439 2282 653 2327 sententia
687 2288 867 2324 ornaret
895 2282 989 2325 illis
1019 2297 1060 2326 v.
1091 2283 1368 2325 contineatur
1398 2297 1576 2324 necesse
1606 2286 1692 2328 est.

213 2335 336 2379 Vere
358 2337 481 2381 Grot.
499 2337 561 2383 al.
590 2336 669 2394 τὴν
695 2335 934 2395 μόρφωσιν
959 2339 1172 2396 formam,
1212 2354 1320 2396 (pute
1350 2354 1439 2382 rem
1466 2340 1690 2395 imprimat

210 2395 450 2451 explanant
480 2395 524 2440 h.
553 2410 634 2440 m.:
664 2400 707 2437 et
731 2396 905 2448 confidis
933 2401 986 2438 te
1007 2421 1059 2428 —
1079 2420 1137 2429 -—
1155 2397 1403 2439 stolidorum
1434 2397 1687 2452 mayistrnm

210 2457 323 2503 esse,
351 2466 479 2507 (seciam
493 2452 737 2508 supientiae
766 2457 809 2494 et
840 2451 1035 2496 veritatis
1062 2452 1254 2509 formam
1285 2454 1329 2495 in
1353 2453 1443 2509 (cqc
1471 2467 1578 2497 rues·
1606 2452 1685 2495 lfa-

211 2504 332 2559 beas,
363 2522 470 2564 quac
492 2509 752 2565 sapientium
780 2524 832 2551 (tc
857 2510 1083 2553 veritatem
1115 2510 1351 2564 exprimat.
1409 2510 1684 2566 Quamquam
1747 2563 1749 2565 ι

207 2567 351 2605 autem
373 2578 488 2610 voce.
510 2562 664 2619 ἔχοντα
681 2591 733 2598 —-
755 2563 800 2608 ἐν
818 2567 882 2622 τῷ
903 2562 1022 2621 νόμῳ
1040 2579 1094 2607 ex
1115 2565 1379 2609 Judaeorum
1401 2573 1541 2610 mente
1566 2564 1682 2607 dicta

209 2625 338 2669 sunt,
367 2626 511 2665 tamen
530 2623 724 2665 dubitari
742 2637 828 2665 non
849 2627 1018 2680 potest,
1051 2623 1156 2679 quin
1177 2624 1316 2678 legem
1343 2638 1453 2668 mos.
1483 2629 1527 2665 et
1554 2636 1681 2665 verae

207 2675 452 2732 sapientiae
491 2680 724 2723 thesauros
758 2681 983 2723 continere
1017 2685 1062 2722 et
1088 2681 1316 2723 veritatem
1348 2684 1682 2738 repraesentare

205 2732 304 2789 ipse
326 2732 376 2776 P.
399 2737 690 2790 existimarit,
721 2753 807 2795 qno
829 2743 1009 2780 anctore
1029 2736 1124 2796 jam
1153 2752 1202 2780 ea
1235 2737 1298 2779 ibi
1327 2736 1680 2803 praesignificata

204 2788 434 2843 legantur,
478 2808 589 2848 quae
626 2795 780 2839 christ.
821 2795 1086 2854 disciplinae
1121 2796 1190 2836 vel
1221 2809 1408 2836 maxime
1438 2794 1677 2849 peculiaria

204 2861 304 2890 essc
324 2847 553 2891 videantur
572 2851 722 2907 (Rom.
743 2852 905 2906 3,21.).
965 2850 1054 2894 Sed
1075 2852 1154 2894 duo
1178 2854 1270 2908 Ap.
1296 2851 1429 2904 elego
1459 2865 1566 2895 mos.
1587 2853 1679 2909 peti
