1752 3347
528 222 684 269 CAP.
717 223 755 268 Ι.
789 223 877 268 vs.
912 224 1006 270 13..
1443 222 1499 266 35

39 328 152 372 ritus
169 329 604 373 s.‹10nnm2·0hiscmn
624 331 947 383 cmnmunicem,
978 345 1072 388 qno
1099 343 1187 372 vos
1212 327 1499 387 confirme-

40 385 191 438 mini,
220 386 297 428 hoc
320 393 461 429 cadem
481 393 569 435 est,
599 393 652 430 nt
672 403 761 430 vos
781 388 928 430 iuter
952 402 1036 430 vos
1063 389 1165 428 nna
1191 386 1499 428 corrobore-

40 442 177 484 mini
195 446 346 484 muna?
364 448 517 485 nostr-1?
534 444 641 497 fide,
670 449 710 486 ct
736 448 880 485 restra
899 449 941 486 et
961 448 1032 495 ec),
1060 457 1187 500 (socam
1204 444 1248 484 in
1266 456 1332 484 me
1350 456 1500 498 coquo-

39 499 185 542 scetis.
245 498 475 541 Sententia
510 505 554 542 et
580 515 660 557 per
687 514 734 540 se
763 500 926 556 optima
954 506 1021 543 est
1049 505 1093 541 et
1122 499 1229 541 bene
1257 513 1504 553 congruens

40 568 137 596 cum
154 568 220 598 vs,
242 555 333 607 13.‚
364 556 436 597 ubi
460 554 509 599 P.
539 571 587 597 se.
616 570 771 612 saepe,
803 571 1062 612 quamquam
1095 556 1282 607 frustra,
1320 556 1507 597 Romam

39 611 261 668 proticisci
283 610 528 653 decrevisse
554 612 640 663 ait,
670 617 718 652 nt
743 612 805 652 ibi
833 627 1005 669 quoque
1029 613 1218 655 fructum
1245 612 1509 670 perciperet,

41 667 120 723 qui
138 666 384 708 hominibus
405 668 572 710 Christ.
601 667 856 724 prodesset,
893 669 1161 726 Apostolus.
1221 671 1371 726 Quare
1397 669 1509 711 hanc

40 723 450 780 interpretationem
486 737 631 766 veram
668 738 768 765 esse
803 724 1026 771 existimo.
1103 726 1160 769 V.
1189 727 1258 770 13.
1313 725 1510 768 Uberius

40 793 154 821 nunc
173 780 355 836 exponit
372 780 600 837 magisque
619 780 821 822 illustrat
837 786 939 823 ante
962 781 1076 823 dieta
1103 796 1168 826 vs·
1189 784 1305 825 10—
1320 782 1391 826 12.
1418 796 1513 824 ma·-

42 835 160 878 xime
178 835 290 877 illud
310 831 393 894 ἤδη
411 836 522 879 ποτέ
542 842 617 887 ζνε.
639 838 709 880 10.
753 834 805 879 οὐ
832 835 956 878 θέλω
985 839 1034 880 δὲ
1060 833 1172 891 ὑμᾶς
1199 836 1384 893 ἀγνοεῖν]
1414 839 1513 881 nolo

43 896 226 934 autem
244 907 317 935 vos
334 893 535 947 iynerare'
551 894 581 937 i.
604 908 648 950 q.
668 893 817 939 scitote
842 898 934 936 aut
947 909 1036 938 em.
1094 893 1231 936 Redit
1251 909 1302 937 ea
1321 896 1515 937 formula

44 950 72 991 1
90 947 254 992 Thess.
272 949 396 1001 4,13.
415 951 443 991 2
461 949 563 994 Cor.
586 950 678 1003 1‚8.
701 952 724 991 1
746 950 848 994 Cor.
871 949 1008 1002 12,l..
1054 949 1220 993 Eodem
1243 966 1374 993 sensu
1392 950 1516 996 Phil.

46 1007 88 1059 1,
105 1005 174 1049 12.
202 1004 256 1049 Ρ.
283 1005 399 1048 dixit
421 1003 650 1063 γινώσκειν
678 1007 725 1049 ὁὲ-
753 1002 870 1057 ἷτμᾶς
893 1003 1117 1060 βούλομαι
1144 1032 1215 1051 —.
1280 1008 1429 1052 D*E.
1456 1008 1517 1052 G.

42 1060 105 1107 lt.
125 1061 430 1113 Ambrosiast.
449 1064 603 1118 legunt
624 1059 715 1106 οὐκ
743 1058 897 1116 οἶμαι
925 1063 974 1106 δὲ
996 1061 1108 1116 ὑμᾶς
1137 1060 1307 1119 ἀγνοεῖν
1329 1079 1412 1106 non
1437 1079 1518 1106 cue-

43 1124 132 1162 tcm
151 1119 343 1162 arbitror
358 1134 429 1162 vos
446 1121 664 1176 ὄφεσι-τινε,
696 1134 717 1161 e
737 1120 1023 1172 correctione,
1055 1119 1154 1163 vide
1175 1120 1371 1163 „Mille'um
1391 1119 1518 1165 Prol.

45 1175 224 1230 §.782..
283 1175 463 1218 Scilicet
483 1176 710 1233 probabile
730 1177 958 1218 nonnullis
983 1177 1122 1219 visum
1151 1182 1240 1230 est,
1272 1178 1365 1237 jam
1392 1176 1519 1219 audi-

44 1232 167 1275 visse
186 1231 410 1274 Romanos
439 1247 493 1274 ex
523 1233 700 1285 multis,
738 1233 815 1289 qui
844 1248 869 1275 a
898 1232 1038 1276 Paulo
1065 1234 1248 1276 Romam
1275 1234 1522 1286 venissent,

45 1292 99 1331 ut
118 1289 290 1345 Aquila
316 1294 360 1331 et
382 1288 586 1332 Priscilla
614 1290 760 1344 [Rom.
791 1290 908 1342 16‚.3.
938 1291 993 1335 cl.
1018 1291 1126 1334 Act.
1158 1292 1228 1344 18,
1239 1292 1282 1335 2.
1309 1294 1423 1347 sq.],
1460 1289 1516 1332 de

50 1359 183 1403 saepe
225 1352 351 1404 capto
390 1347 445 1387 ab
483 1346 709 1402 Apostolo
747 1346 932 1389 Romam
969 1348 1274 1404 proficiscendi
1317 1347 1524 1391 consilio.

41 1398 284 1456 πολλάκις]
318 1401 505 1458 Quando
529 1403 577 1446 P.
596 1404 682 1445 iter
705 1418 928 1445 romanum
954 1418 1099 1446 secum
1130 1405 1299 1460 agitare
1327 1404 1524 1461 coeperit

49 1461 96 1500 et
116 1458 288 1515 quoties
307 1458 360 1501 de
379 1474 429 1502 eo
449 1460 730 1514 cogitaverit,
756 1460 966 1502 constitui
982 1461 1151 1516 nequit.
1209 1460 1299 1502 Sed
1317 1475 1414 1503 eum
1428 1459 1525 1519 jam

48 1514 221 1573 pridem
242 1513 287 1556 id
303 1516 479 1558 consilii
498 1516 692 1572 cepisse,
721 1521 813 1557 tum
842 1522 1027 1573 apparet
1053 1532 1076 1559 e
1106 1518 1138 1561 l.
1161 1518 1334 1570 15,23.‚
1374 1505 1449 1559 ubi
1476 1531 1525 1559 se

50 1586 80 1614 a
98 1572 246 1614 multis
264 1572 361 1614 inde
380 1573 508 1614 annis
527 1572 712 1615 Romam
731 1573 952 1630 proficisci
980 1588 1139 1630 cupere
1166 1575 1253 1625 ait,
1291 1579 1384 1616 tum
1409 1573 1527 1615 indi-

50 1631 155 1670 cant
178 1642 220 1673 v.
248 1643 316 1684 sq.
345 1629 421 1670 καὶ
446 1627 675 1685 ἐκωλύθην
703 1624 829 1685 ἄχρι
854 1631 951 1671 τοῦ
979 1631 1154 1686 δεῦρο.
1230 1629 1354 1672 Haec
1379 1634 1527 1673 autem

51 1698 172 1729 voce.
205 1685 486 1740 parenthesin
520 1687 718 1738 efficere,
764 1701 895 1742 quum
932 1701 974 1730 V.
1011 1684 1082 1728 ἵνα
1110 1683 1208 1728 τινὰ
1236 1684 1409 1744 καρπὸν
1436 1686 1528 1739 σχῶ

53 1756 148 1783 καί.
177 1741 213 1782 λ..
244 1742 613 1785 constructionem
636 1768 689 1774 -—
711 1740 780 1784 ὅτι
807 1740 1024 1792 πολλάκις
1049 1741 1308 1799 προεθέμην
1335 1741 1528 1785 ἐλθεῖν

54 1797 199 1855 πρὸς
223 1791 363 1851 ὑμᾶς
381 1800 668 1853 continuent,
699 1798 792 1858 jam
818 1799 988 1841 monuit
1018 1799 1320 1842 Tlaeeodoretns.
1395 1797 1529 1854 Quod

54 1853 120 1896 sic
142 1854 304 1912 probat
321 1854 607 1909 Rueclcemcs,
644 1862 692 1899 ut
712 1871 847 1897 uncos
875 1856 1075 1898 sublatos
1102 1856 1242 1900 malit.
1302 1855 1373 1898 De
1401 1856 1450 1897 ea
1478 1868 1532 1903 re

52 1925 151 1953 eum
171 1913 342 1953 nemine
361 1912 525 1968 acriter
545 1913 858 1956 contenderim.
916 1912 959 1956 N
964 1927 1032 1954 am
1058 1918 1105 1955 ut
1133 1919 1176 1955 et
1201 1913 1421 1970 interpres
1448 1926 1530 1969 pa-

52 1967 281 2010 renthesin
298 1969 455 2011 lectori
475 1970 678 2012 ostendat
700 1977 744 2012 et
770 1975 1036 2024 anagnostes
1063 1984 1158 2011 eam
1187 1973 1307 2011 recte
1333 1982 1533 2026 pronun—

55 2024 140 2066 tiet
158 2039 199 2068 v.
220 2025 448 2084 interjecta
470 2041 494 2068 a
514 2027 701 2083 relliqua
726 2027 924 2068 oratione
944 2041 1047 2069 voce
1074 2041 1269 2082 sonoque
1301 2039 1532 2083 separans,

56 2095 132 2123 res
149 2081 344 2137 flagitat3
372 2081 517 2126 editor
534 2088 682 2126 utrum
712 2083 985 2142 interjectam
1016 2083 1364 2125 enunciationem
1393 2081 1532 2122 nullis

58 2137 222 2192 signis,
251 2153 308 2180 au
326 2139 541 2195 virgulis,
571 2141 695 2182 uncis
714 2137 871 2182 aliisve
891 2140 1007 2181 uotis
1027 2139 1272 2194 distinguat
1292 2139 1402 2180 nihil
1425 2137 1537 2182 facit.

58 2193 116 2235 ad
133 2208 241 2238 rem.
272 2195 409 2238 Suum
430 2196 567 2252 igitur
585 2198 773 2254 quisque
792 2203 1004 2260 sequatur
1018 2196 1249 2257 judicium.
1309 2194 1403 2249 καί]
1433 2193 1539 2239 Hoc,

61 2248 137 2291 καί
155 2264 294 2308 neque
313 2254 388 2295 sed
404 2254 471 2309 (id
487 2255 603 2296 foret
620 2252 733 2295 ἀλλ’
755 2251 987 2309 ἐκωλύθην
1006 2270 1041 2296 S.
1065 2251 1298 2306 ἐκωλύθην
1323 2250 1426 2306 δέ),
1456 2265 1535 2292 ne-

61 2320 148 2363 que
163 2320 420 2365 quamquam
436 2311 538 2366 (hoe
560 2312 675 2353 foret
702 2327 724 2352 κ
737 2310 891 2352 advoc
921 2307 1174 2365 ἐκωλύθην)
1203 2308 1423 2359 declarat,
1454 2305 1536 2348 sed

62 2367 131 2406 est
148 2364 577 2421 parentheticumct,
615 2370 713 2413 uni>
748 2393 795 2398 —-
827 2369 923 2411 nub
954 2369 1028 2411 bia*
1057 2368 1157 2421 jesst
1188 2367 1267 2409 bin
1300 2366 1362 2417 id)
1391 2366 1534 2418 abgez

63 2421 239 2475 belteil
269 2425 480 2476 mptben.
510 2451 566 2456 —
622 2423 691 2468 Cf.
710 2423 944 2466 Demosth.
973 2422 1053 2466 Or.
1082 2422 1180 2465 adv.
1202 2421 1332 2478 Lept.
1359 2421 1460 2464 488.
1488 2421 1535 2463 7.

55 2472 180 2529 Ἐμοὶ
198 2472 238 2517 d’
252 2507 263 2525 ,
296 2477 330 2517 ὠ
350 2471 504 2536 ἅνδρες
515 2477 765 2536 Ἀθηναῖοι,
797 2480 918 2521 δοκεῖ
934 2475 1166 2532 Λεπτίνης
1186 2481 1234 2529 (κ
1247 2476 1301 2519 αι’
1319 2492 1399 2530 μοι
1418 2478 1535 2532 πρὸς

61 2529 178 2582 Διὸς
193 2532 330 2588 μηδὲν
346 2529 583 2592 ὀργισθῇς·
616 2532 742 2578 οὐδὲν
759 2534 841 2591 γὰρ
860 2535 1059 2591 φλαῦρον
1079 2532 1167 2590 ἐρῶ
1187 2538 1254 2583 σε)
1276 2529 1302 2589 ἢ
1328 2529 1405 2574 οὐκ
1433 2527 1539 2574 ἆνε-

63 2586 277 2643 γνωκέναι
294 2587 398 2639 τοὺς
416 2587 619 2641 Σόλωνος
635 2592 797 2644 νόμους
816 2589 843 2646 ἢ
862 2587 913 2632 οὗ
935 2588 1141 2632 συνιέναι.
1201 2589 1302 2633 Liv.
1324 2589 1450 2642 2237.
1480 2614 1536 2622 -

60 2643 228 2686 liberas
249 2644 379 2686 aedes
398 2646 615 2705 conjurati
633 2650 697 2704 (et
718 2661 866 2689 omues
887 2648 1000 2688 forte
1020 2646 1290 2702 militabant)
1309 2645 1538 2687 imminen-

63 2704 133 2743 tes
151 2701 248 2743 viae
269 2707 483 2757 angustae
505 2729 558 2735 —
579 2707 850 2746 sumserunt.
894 2702 965 2753 27,
979 2705 1017 2745 l.
1062 2701 1233 2745 Praeda
1254 2708 1316 2759 (et
1335 2703 1538 2758 aliquan-

65 2761 158 2799 tum
177 2757 274 2817 ejus
294 2759 399 2814 fuit)
420 2760 553 2802 militi
572 2774 792 2802 concessa.
851 2758 1005 2810 27,48.
1057 2757 1160 2817 Ipse
1178 2759 1383 2802 dextrum
1401 2772 1539 2800 cornu

67 2812 279 2857 adversus
299 2814 362 2860 Μ.
382 2816 557 2859 Livium
586 2817 674 2858 sihi
703 2822 835 2872 atque
853 2814 1071 2874 Hispanis
1097 2818 1161 2872 (et
1188 2817 1252 2858 ibi
1278 2815 1465 2858 maxime
1491 2814 1539 2855 iu

68 2874 214 2913 vetere
233 2871 373 2915 milite
395 2887 517 2931 spem
538 2873 748 2930 habebat)
773 2871 946 2915 sumsit.
1006 2872 1129 2925 282.
1161 2900 1212 2905 -
1238 2874 1347 2916 hane
1369 2872 1536 2931 justam

1054 2928 1146 2973 (32
