1752 3347
121 118 211 161 334
404 107 790 154 EPISTOLA
817 106 922 151 AD
953 106 1319 154 ROMANOS

126 222 200 280 qui
231 231 314 261 non
348 215 408 260 sit
440 216 610 269 imam,
659 214 869 258 insontem
887 214 1128 268 declarare,
1155 215 1341 272 aliquem
1359 215 1595 270 impietatis

124 275 367 328 absolvere,
394 271 446 315 τὸ
468 270 691 326 δικαίωμα
716 270 940 314 decretum
972 277 1064 324 est,
1094 286 1182 328 quo
1210 271 1376 329 aliquis
1404 271 1601 332 injustus

120 335 275 393 justus
293 345 393 373 esse
411 329 678 380 declaratur,
696 329 917 371 sententia
933 328 1209 371 absolutoria
1230 332 1292 386 (v.
1315 342 1448 386 supra
1470 343 1515 386 p.
1527 328 1603 371 4⁷.

125 392 228 434 216.
248 392 294 430 et
312 388 439 431 Beza
467 385 523 429 ad
553 386 596 429 h.
620 386 694 443 l.].
752 385 1140 429 Diffcruntvoces
1170 385 1222 428 τὸ
1248 384 1472 438 δικαίωμα
1500 389 1546 427 et
1575 381 1603 440 ἦ

123 443 363 495 δικαίωσις
402 446 465 500 (v.
487 443 604 498 18.)‚
647 456 758 499 quas
785 444 913 486 multi
938 443 1207 501 interpretes
1236 457 1372 485 unum
1401 441 1605 498 idemque

126 504 300 562 pollere
320 501 408 543 sibi
424 504 744 559 persuaserunt
764 501 836 555 (ut
856 499 1013 554 Calor„
1033 514 1174 558 nuper
1183 498 1343 543 Rueck.
1361 503 1405 542 et
1414 498 1606 553 Ite-icta).

121 559 184 602 ‘H
203 556 438 607 δικαίωσις
456 559 571 602 actio
594 560 687 610 est,
719 557 805 613 quii
824 557 952 600 homo
973 557 1201 615 improbus
1231 557 1498 609 absolvitur,
1530 555 1607 598 ab-

131 616 311 669 solutio,
340 613 392 657 τὸ
410 612 635 667 δικαίωμα
655 614 919 658 sententiam
940 618 1089 668 notat,
1122 615 1208 671 qua
1236 615 1314 656 ille
1341 613 1606 666 absolvitur,

128 675 350 718 decretum
369 671 643 715 absolventis.
699 670 799 715 Jam
822 686 876 714 ne
893 686 935 716 v.
959 673 1030 714 17.
1051 686 1177 714 secus
1197 671 1499 726 intelligatur,
1529 669 1608 710 ab-

131 728 348 776 solventis
369 727 461 770 Dei
481 727 770 782 sententiam,
797 728 849 771 τὸ
872 726 1117 781 δικαίωμα,
1145 728 1348 785 perennis
1369 730 1484 771 vitae
1511 727 1609 769 son-

132 794 224 831 tem
241 786 287 830 h.
303 786 337 828 l.
358 785 605 842 nuncupari
634 787 697 840 (v.
719 799 761 828 v.
780 785 873 840 21.)
902 784 1137 828 tenendum
1159 789 1243 827 est.
1301 783 1400 826 Hoc
1428 785 1459 826 ii
1477 784 1610 826 intel-

130 844 298 888 lexisse
319 841 548 895 videntur,
579 842 655 898 qui
684 842 766 898 [D.
786 842 927 886 Aeth.
949 842 1092 899 Clam]
1123 856 1176 883 ex
1203 842 1612 898 interpretamento,

128 900 254 960 quod
282 914 304 941 e
331 914 374 945 v.
392 898 462 943 18,
493 900 549 942 cl.
572 914 615 943 V.
636 900 706 942 17.
737 900 978 957 repetitum
1009 905 1103 952 est,
1131 895 1197 947 εἰς
1221 897 1443 950 δικαίωμα
1473 896 1611 952 ζωῆς

130 957 366 1018 praebent.
431 956 530 998 Hoc
556 956 836 998 manifestum
866 957 1087 1011 glossema
1115 961 1218 1012 post
1243 954 1448 997 Loci-ium
1469 952 1612 996 Paulo

130 1015 297 1060 tribuit
316 1013 488 1067 Reich„
521 1028 785 1071 quamquam
811 1012 1080 1066 dubitanter,
1111 1011 1228 1068 quod
1247 1012 1401 1056 miror.
1459 1009 1613 1053 Primo

132 1073 253 1118 enim
275 1071 390 1128 ζωῆς
406 1085 618 1112 summam
639 1070 931 1112 membrorum
952 1071 1014 1112 ita
1039 1074 1383 1126 exaequatorum
1398 1103 1410 1123 ‚
1441 1073 1492 1110 ut
1508 1083 1614 1127 pro-

132 1128 370 1190 pemodum
401 1127 576 1185 syllaba
608 1127 808 1184 syllabae
840 1125 1132 1184 respondeat,
1162 1127 1500 1169 concinnitatem
1528 1126 1618 1167 tol-

132 1191 207 1232 lit.
266 1184 442 1229 Deinde
465 1189 514 1226 ut
532 1184 834 1227 absolutoriae
861 1185 1108 1227 sententiae
1132 1184 1329 1237 fructus,
1356 1183 1619 1237 lectoribus,

133 1245 228 1288 nisi
255 1243 413 1296 fallor,
443 1242 555 1284 satis
582 1246 713 1284 notus
744 1241 910 1284 diserte
940 1242 985 1286 h.
1007 1242 1041 1284 1.
1064 1240 1359 1295 indicaretur,
1390 1255 1476 1283 non
1504 1255 1618 1298 opus

134 1306 237 1346 erat
259 1304 520 1358 propterea,
552 1298 671 1356 quod
697 1313 736 1342 v.
756 1297 807 1340 τὸ
830 1299 878 1341 δὲ
893 1295 1092 1356 χάρισμα
1115 1296 1150 1341 ε’.
1172 1317 1213 1339 π.
1236 1317 1278 1340 π.
1299 1315 1332 1341 ε.
1357 1298 1394 1340 δ.
1416 1300 1617 1355 proximo

136 1374 208 1404 VS.
239 1358 294 1401 de
320 1356 542 1398 industria
574 1356 945 1400 communiuntur.
1008 1355 1217 1412 Denique
1244 1357 1342 1398 leve
1372 1363 1461 1408 est,
1499 1354 1619 1411 quod

135 1432 179 1462 v.
203 1416 274 1460 18.
306 1413 497 1467 Cyrum.
535 1410 601 1462 εἷς
637 1410 924 1466 δικαίωμα
956 1410 1071 1468 ζωῆς
1097 1427 1178 1470 pro
1216 1411 1281 1463 εἰς
1318 1411 1617 1454 δικαίωσιν

139 1473 258 1530 ζωῆς
276 1472 455 1515 habent.
512 1468 702 1512 Poterat
719 1470 833 1512 enim
852 1484 943 1513 vss.
962 1471 1033 1513 16.
1054 1476 1099 1513 et
1122 1470 1190 1513 18.
1211 1469 1434 1511 contentio
1462 1483 1514 1512 eo
1543 1483 1618 1511 va-

135 1532 261 1582 lere,
292 1532 342 1570 ut
366 1527 516 1571 versui
537 1527 608 1571 18.
639 1525 863 1579 δικαίωμα
891 1540 948 1567 ex
976 1540 1043 1569 VS.
1065 1528 1134 1569 16.
1164 1540 1190 1567 a
1211 1526 1440 1568 nonnullis
1463 1526 1620 1568 obtru-

137 1587 340 1630 deretur.
410 1583 501 1628 Sed
529 1584 669 1626 multo
697 1582 957 1625 credibilius
986 1588 1056 1624 est
1081 1583 1256 1639 aliquos
1296 1582 1508 1626 librarios
1538 1597 1620 1641 per

139 1643 475 1688 festinationem
500 1655 543 1685 v.
573 1640 643 1684 18.
671 1637 953 1692 δικαίωμα
986 1638 1099 1696 ζωῆς
1130 1655 1211 1697 pro
1239 1640 1475 1682 δικαίωσιν
1506 1640 1621 1696 ζωῆς

139 1716 221 1745 exa
233 1714 379 1753 rasse,
410 1698 514 1755 quia
531 1696 644 1739 illud
659 1711 754 1740 voc.
782 1697 933 1755 paullo
960 1702 1061 1738 ante
1087 1697 1132 1739 in
1162 1696 1315 1739 codem
1343 1711 1407 1738 vs.
1437 1698 1622 1751 legitur.

140 1759 335 1802 Restant
362 1770 404 1799 v.
435 1754 484 1798 ἐκ
511 1754 686 1798 πολλῶν
712 1753 1099 1811 παραπτωμάτων,
1151 1753 1205 1797 (le
1232 1768 1419 1811 quorum
1448 1755 1621 1797 ratione

141 1815 350 1859 dubitare
368 1827 453 1854 non
483 1814 655 1869 potest,
686 1811 762 1867 qui
793 1816 884 1852 tum
914 1809 971 1852 ad
998 1811 1239 1853 membrum
1267 1810 1532 1853 antecedens
1562 1814 1622 1865 (τ.

143 1890 189 1929 μ.
210 1887 250 1927 γ.
273 1887 310 1913 κ.
342 1869 402 1920 ἐξ
429 1865 550 1918 ἑνὸς
580 1883 618 1911 ε.
646 1869 730 1922 κ.),
760 1871 853 1908 tum
881 1867 938 1908 ad
963 1881 1004 1910 v.
1021 1867 1094 1910 20.
1112 1869 1186 1911 21.
1216 1868 1327 1909 satis
1363 1867 1625 1913 attenderit.

142 1929 262 1974 'Nam
290 1920 478 1985 primum
509 1923 686 1981 quidem
715 1938 800 1965 nou
831 1922 884 1965 de
917 1923 1149 1967 multorum
1185 1924 1404 1982 peccatis,
1454 1923 1533 1967 sed
1570 1924 1626 1967 de

142 1985 294 2031 multis
321 1983 513 2042 peccatis
532 1980 586 2026 Ρ.
607 1980 732 2037 loqui
758 1981 801 2022 in
829 1985 1013 2040 promtu¹
1033 1986 1103 2022 est
1133 1982 1196 2037 (v.
1219 1995 1260 2026 v,
1276 1982 1388 2036 20.).
1446 1981 1626 2025 Deinde

147 2043 196 2089 ἐκ
231 2056 375 2098 neque
401 2044 604 2096 propter,
630 2052 774 2095 neque
803 2043 924 2092 post,
965 2048 1106 2094 neque
1134 2053 1220 2091 ex,
1265 2044 1315 2081 ut
1342 2053 1572 2082 excessum
1601 2054 1627 2082 e

145 2104 267 2145 statu
301 2103 347 2140 et
381 2096 622 2140 transitum
654 2095 700 2137 in
731 2095 865 2136 alium
895 2099 1058 2136 statum
1089 2094 1271 2138 denotet
1300 2095 1506 2151 (Ruech.;
1545 2097 1627 2139 hoe

146 2155 388 2202 absurdum
410 2158 503 2207 est,
530 2158 625 2195 tum
645 2152 747 2209 quia
767 2149 987 2205 δικαίωμα
1004 2157 1168 2195 statum
1196 2167 1283 2195 uon
1310 2153 1502 2208 indicat,
1531 2158 1625 2197 tum

149 2215 357 2275 quoniam
387 2212 451 2254 sic
467 2211 617 2268 inepta
637 2209 858 2252 sententia
881 2209 1102 2254 nascitur:
1134 2210 1275 2265 ipsum
1295 2211 1384 2254 Dea·
1400 2212 1627 2254 donarium

147 2289 199 2317 ex
230 2271 322 2313 alio
352 2283 428 2312 suo
454 2272 581 2310 statu
597 2267 643 2309 in
665 2266 801 2308 alium
824 2266 1150 2321 excessissem,
1181 2267 1256 2308 sed
1274 2281 1355 2322 per
1372 2268 1628 2324 significare

181 2334 274 2372 atet
293 2328 373 2384 (cf.
394 2322 445 2376 ἐξ
461 2322 560 2374 ἑνός
582 2329 627 2366 et
646 2339 687 2368 v.
708 2323 819 2378 20.).
877 2324 1158 2366 Acutissime
1177 2325 1292 2366 enim
1314 2323 1366 2370 P.
1385 2326 1466 2368 hoc
1494 2324 1628 2370 dicit:

150 2385 321 2432 invexit
342 2383 393 2426 τὸ
414 2379 713 2440 παράπτωμα,
739 2380 896 2422 mortis
927 2381 1138 2438 physicae
1164 2396 1365 2436 causam,
1395 2397 1504 2425 emus
1527 2398 1628 2439 pec-

151 2458 279 2495 cem-33
336 2444 490 2483 contra
525 2436 576 2480 τὸ
613 2436 830 2493 χάρίσμα,
877 2437 1192 2480 absolutoriam
1232 2439 1321 2481 Dei
1362 2441 1628 2482 sententiam

152 2514 266 2560 quae
282 2497 494 2558 perennis
514 2496 632 2538 vitae
664 2495 835 2552 copiam
870 2495 1004 2536 saciat
1032 2496 1242 2551 gignens,
1280 2497 1418 2540 multa
1445 2502 1628 2552 peccam

153 2557 417 2602 attulerunt.
472 2551 698 2596 Nimirum
719 2552 910 2609 amplum
931 2557 975 2594 et.
995 2552 1120 2612 cujus
1150 2554 1327 2595 termini
1358 2554 1515 2596 mortis
1541 2555 1629 2596 im·-

153 2615 280 2679 perio
297 2610 616 2669 responderent
632 2624 815 2664 regnum
836 2608 963 2651 Deus
982 2612 1036 2666 τῇ
1053 2610 1203 2666 χάριτι.
1223 2610 1463 2654 destinavit
1487 2611 1626 2655 v.21..

161 2670 289 2719 Unde
305 2667 357 2710 τὸ
374 2669 597 2723 χάρισμα,
624 2672 902 2724 peccatorum
922 2667 1092 2708 veniam
1114 2674 1377 2724 apportans,
1409 2669 1625 2710 exsistere
1657 2685 1659 2688 ·

157 2744 242 2775 non
272 2729 470 2785 poterat,
511 2725 598 2766 nisi
623 2738 703 2779 per
730 2724 869 2766 multa
900 2730 1075 2782 peccata
1106 2729 1315 2780 tanquam
1346 2727 1388 2767 in
1418 2726 1552 2767 solem
1581 2727 1627 2764 et

155 2787 381 2850 pulverem
399 2779 660 2839 productum
679 2781 864 2838 (v.20.).
924 2779 999 2825 Sic
1020 2796 1149 2838 quam
1169 2784 1259 2825 sint
1280 2780 1331 2826 τὸ
1354 2781 1628 2838 παράπτωμα

1721 129 1736 330 AE-—ae
