1752 3347
553 91 711 136 GAP.
744 91 830 136 Vl.
873 91 967 134 Vs.
999 93 1058 134 7..
1439 86 1524 128 389

49 197 213 265 sepulti
242 210 418 249 sununs,
461 198 817 253 ‹premadmodum
858 197 1064 241 Christus
1094 196 1294 252 sepultus
1323 197 1414 243 est,
1453 205 1524 231 sa-

48 269 122 295 cra
140 253 331 306 lotione,
365 268 476 310 quae
497 258 766 313 sepulturam
789 254 1016 296 adumbrat
1035 287 1046 305 ,
1078 252 1280 308 suscepta
1296 283 1307 300 ‚
1336 254 1382 291 ut
1394 247 1522 291 Chri-

47 310 108 352 sti
142 311 343 367 exemplo
373 312 413 351 in
443 313 576 353 ritum
610 313 769 355 ree-ersi
807 313 849 353 in
880 326 905 352 n
919 327 940 352 0
954 327 974 353 e*
987 314 1014 351 ἂ
1044 310 1136 351 rim
1167 307 1524 350 consilinm-emur

45 369 108 423 (v.
136 367 218 420 4.).
295 365 408 407 Nam
435 368 475 408 si
506 372 578 422 (eo
610 369 726 424 quod
754 369 1041 425 baptismum,
1078 366 1335 422 sepulturae
1366 360 1519 412 imagi-

46 437 168 475 nem,
216 422 456 478 suhiimus)
486 425 682 466 homines
712 424 928 481 ejusmodi
965 423 1210 473 evasimus,
1259 420 1334 475 qui
1365 418 1520 458 mertis

45 479 214 522 Christi
244 479 577 521 similitudinem
606 475 855 521 necessario
884 482 1174 527 referremus,
1211 489 1361 517 verum
1389 474 1519 515 etiam

44 537 159 577 tales
180 548 279 575 esse
297 535 510 586 volemus,
536 536 612 591 qui
633 537 800 578 reditus
820 538 861 577 iu
885 538 1015 579 vitam
1036 531 1370 578 similitudinem
1391 545 1519 585 pror-

45 606 122 633 sus
144 591 448 634 referamusv.
470 592 512 634 5.
572 592 736 647 (Ergo,
765 608 817 634 ne
838 608 986 634 manca
1010 593 1070 633 sit
1100 594 1252 631 nostra
1271 603 1365 629 cuin
1389 587 1518 629 Chri-

41 654 112 691 sto
136 646 392 699 similitudo,
414 649 603 704 aliquam
622 649 754 691 vitam
776 665 907 704 agere
929 650 1148 698 volemus3
1179 650 1335 697 restat,
1352 648 1400 685 ut
1423 657 1516 684 eam

43 706 201 756 vitam,
232 717 363 760 quum
385 705 573 759 pristinu
594 707 681 748 vita
705 721 805 748 esse
826 710 1039 761 nequeat,
1076 718 1159 745 non
1179 717 1310 761 posse
1331 715 1415 741 non
1436 713 1518 741 no-

41 775 138 805 vam
155 761 289 803 vitam
314 775 411 803 esse
435 762 661 815 ostendat3
693 762 806 820 quod
827 764 931 804 facit
955 777 996 806 v.
1016 765 1059 805 (i.
1081 766 1125 802 et
1145 762 1210 815 7.)
1240 765 1283 801 et
1310 758 1390 799 hoc
1415 771 1515 798 con-

42 816 362 871 siderabimus,
393 832 471 860 nos
492 824 880 863 2.·e1eremnosa·mn
905 820 1130 870 hominem,
1161 831 1319 873 corpus
1340 819 1516 871 peccato

39 874 296 917 deserviens
314 880 560 928 enecturos‚
590 891 642 919 ne
661 891 793 934 porro
813 879 989 934 peccato
1012 876 1367 930 obsequeremur,
1402 871 1518 913 cruci

38 930 290 988 suffixi-sse,
338 932 452 974 sicut
473 932 680 976 Christus
705 949 831 976 cruce
863 933 1046 975 affectus
1067 932 1179 974 obiit
1209 946 1250 974 v.
1268 932 1311 973 6.
1370 926 1515 969 Homo

39 988 154 1030 enim
175 995 375 1030 mortuus
396 1004 420 1030 a
444 996 621 1046 peccato
642 990 857 1033 liberatus
881 994 949 1032 est
966 991 1059 1034 v.7.
1115 987 1250 1044 (Hinc
1270 990 1387 1029 retus
1406 998 1514 1040 quo-

39 1058 124 1101 que
149 1048 302 1086 noster
321 1045 448 1088 homo
475 1062 595 1100 nece,
626 1049 709 1104 qua
732 1048 914 1090 affectus
937 1051 1022 1099 est,
1053 1061 1075 1087 a
1098 1049 1277 1104 peccato
1296 1042 1514 1084 liberatus

36 1115 126 1143 non
145 1101 263 1142 ultra
281 1108 433 1159 peccat
450 1118 681 1161 novamque
699 1105 832 1147 vitam
853 1119 1032 1159 agemus
1052 1118 1092 1146 v.
1115 1117 1153 1146 v,
1173 1103 1216 1145 5.
1236 1101 1292 1144 cl.
1310 1113 1350 1142 v·
1363 1099 1512 1152 4.).-

38 1158 197 1201 Rueck.
213 1190 225 1211 ‚
256 1173 439 1214 quocum
461 1161 554 1202 fere
574 1161 680 1203 facit
707 1163 900 1204 Usteriem
921 1163 952 1205 l.
971 1176 1008 1204 c.
1027 1176 1071 1217 p.
1090 1160 1192 1202 211.
1206 1192 1218 1211 ,
1248 1172 1314 1199 vs,
1334 1157 1393 1207 7.‚
1415 1154 1512 1195 uni-

35 1215 250 1258 versalem
272 1218 537 1258 sententiam
552 1251 564 1270 ,
595 1219 677 1275 qua
699 1233 764 1262 vs.
784 1220 827 1261 6.
848 1218 1181 1269 corroboretur,
1212 1212 1363 1256 afferri
1385 1216 1513 1253 autu-

37 1277 129 1313 mat
160 1271 436 1330 hujusmodi:
480 1290 581 1317 nam
603 1277 724 1317 homo
745 1281 936 1318 morionis
964 1278 1059 1331 (np.
1091 1273 1295 1330 quoniam
1316 1283 1435 1311 mors
1456 1268 1513 1309 iis

35 1343 177 1386 poena
204 1329 455 1385 irrogatur,
494 1332 569 1386 qui
601 1338 894 1389 peccaverunt
915 1333 956 1384 5,
977 1333 1068 1385 12.)
1099 1331 1295 1384 culpae
1322 1325 1513 1382 peccatis

36 1391 288 1428 contractae
317 1388 458 1429 insons
485 1388 732 1432 declaratus
758 1394 845 1440 est,
891 1404 1018 1446 quam
1049 1403 1072 1429 e
1105 1386 1159 1430 P.
1189 1389 1332 1427 mente
1363 1382 1426 1423 sic
1454 1380 1511 1422 ad

34 1456 127 1484 rem
149 1444 434 1485 revocandam
457 1458 556 1486 esse
577 1446 802 1502 perhibet:
832 1460 964 1501 qnare
984 1459 1060 1487 nos
1078 1457 1261 1500 quoque,
1290 1439 1361 1497 qni
1383 1451 1511 1496 qzmm

38 1499 248 1551 baptismo
271 1500 558 1544 lustraremnr
578 1503 636 1544 ud
653 1502 815 1544 Christi
832 1502 1073 1556 exemplum
1096 1499 1255 1541 morsm·
1284 1510 1452 1547 sumus,
1482 1509 1511 1536 α

31 1556 252 1612 peccati
287 1557 347 1600 do
360 1557 569 1601 minata
609 1559 783 1600 liberati
819 1572 979 1601 snmus.
1056 1555 1172 1598 Nam
1212 1553 1267 1597 P.
1306 1551 1511 1609 dispares

33 1614 230 1668 culpae
258 1615 425 1668 peccati
453 1620 499 1656 et
527 1615 841 1657 dominatus
869 1613 1037 1669 peccati
1065 1613 1290 1662 notiones,
1322 1614 1372 1650 ut
1400 1607 1511 1648 alibi

33 1669 147 1710 alias
176 1670 429 1712 confudisse
462 1671 689 1728 opinatur!
743 1670 935 1723 Verum,
986 1684 1039 1710 ne
1073 1670 1206 1710 istam
1233 1667 1510 1708 diversarum

32 1725 350 1780 cogitationum
374 1728 706 1784 permistionem
727 1727 892 1786 justam
918 1729 961 1768 in
981 1725 1053 1780 P„
1083 1723 1375 1767 subtilissimo
1396 1722 1509 1774 viro,

31 1783 308 1824 mirationem
337 1783 482 1825 facere
512 1799 732 1836 moneam,
780 1783 1011 1825 Rueck-ersi
1047 1782 1195 1838 opinio
1238 1779 1408 1821 insulsa
1439 1782 1509 1819 est

31 1837 143 1880 duas
173 1839 359 1881 maxime
391 1840 446 1881 ob
470 1854 645 1884 causas.
718 1838 877 1894 Neque
909 1839 1022 1880 enim
1054 1839 1267 1880 hominem
1292 1840 1507 1877 mortuum

32 1896 206 1950 culpae,
235 1910 361 1951 qtmm
381 1896 570 1951 peccatis
591 1897 928 1943 commeruisset,
959 1894 1199 1936 absolutum
1217 1907 1308 1934 esse
1327 1896 1506 1932 conten-

31 1950 135 1993 dere
157 1949 212 1995 P.
235 1951 396 2007 potuit.
464 1951 581 1994 Nam
612 1966 728 1994 mors
756 1950 930 2005 physica
961 1965 1046 1991 non
1076 1950 1203 1991 unica
1229 1954 1506 2006 peccatorum

30 2023 171 2066 poena
204 2014 296 2061 est,
342 2007 421 2050 sed
449 2008 672 2065 praeludit
701 2008 838 2049 multo
868 2007 1146 2062 gravioribus
1176 2005 1330 2063 poenis
1355 2005 1409 2045 ab
1440 2018 1507 2057 eo,

32 2080 162 2122 quem
182 2064 375 2107 Messias
391 2065 528 2123 judex
550 2064 847 2116 damnaverit,
886 2062 1185 2121 dependendis
1207 2063 1249 2115 2,
1273 2062 1316 2105 5.
1352 2062 1381 2103 2
1400 2060 1505 2105 Cor.

31 2125 73 2176 5,
92 2124 161 2165 10.
196 2123 349 2174 Gal.5‚
364 2125 431 2165 10.
444 2123 520 2165 al..
578 2120 753 2164 Deinde
770 2136 810 2164 v.
828 2124 871 2164 (5.
900 2136 984 2163 non
1006 2120 1058 2162 de
1078 2119 1329 2162 hominihus
1347 2118 1505 2161 christ.

0 2203 1 2207 =
31 2179 86 2222 ad
116 2178 287 2223 Christi
319 2180 566 2236 exemplum
600 2193 731 2235 quum
762 2178 1093 2235 baptizarentur
1119 2176 1307 2218 mortuis
1341 2175 1505 2230 agitur,

0 2263 1 2267 =
32 2235 110 2279 sed
138 2236 191 2278 de
220 2240 369 2278 vetere
390 2242 543 2278 nostro
572 2236 771 2287 homine,
804 2235 1062 2292 priusquam
1087 2234 1213 2275 sacra
1232 2233 1397 2275 lotione
1418 2232 1504 2273 ini-

28 2294 271 2346 tim-emur,
310 2294 436 2335 firmo
467 2292 601 2334 animi
630 2292 804 2333 decreto
831 2292 875 2333 in
909 2307 1079 2333 crucem
1107 2291 1299 2333 sublato.
1370 2287 1504 2330 Multi

31 2351 325 2408 explicatores
355 2347 377 2392 ὁ
404 2348 648 2390 ἀποθανών
674 2349 861 2404 figurate
895 2353 1069 2391 sumunt
1096 2347 1172 2404 qui
1200 2347 1333 2390 vitam
1352 2345 1504 2403 posuit

0 2422 2 2430 ’
27 2408 217 2464 pecccatis
236 2407 424 2449 dicatam
440 2439 452 2458 ,
490 2411 681 2448 ceterum
705 2420 746 2449 v.
769 2405 904 2449 ὁεόικ.
927 2402 968 2449 ἆ.
991 2421 1031 2448 τ.
1053 2401 1094 2446 ἆ.
1122 2403 1203 2445 alii
1222 2404 1353 2444 aliter
1373 2417 1501 2445 enar-

0 2475 2 2495 1
29 2468 147 2506 rant.
195 2463 285 2505 Sed
306 2463 462 2505 merito
480 2462 566 2507 h.l.
581 2463 644 2504 sic
663 2468 846 2518 expetas
867 2457 890 2503 ὁ
911 2478 948 2518 y.
969 2458 1212 2503 ἀποθανών
1237 2460 1300 2517 τῇ
1328 2455 1502 2515 ἆμαρ-

0 2524 4 2565 i'
30 2517 123 2577 τίᾳ
154 2522 215 2575 (v.
233 2521 326 2574 2.),
354 2520 441 2561 nisi
456 2518 508 2563 P.
533 2519 861 2574 ambiguitatem
882 2523 1084 2576 captasse
1105 2517 1187 2559 tibi
1205 2517 1500 2574 persuaseris,

0 2574 88 2646 {Et
126 2576 385 2619 invexerunt
423 2577 493 2618 illi
525 2577 596 2619 vel
639 2577 841 2632 ignavam
879 2577 950 2618 vel
989 2576 1181 2632 ineptam
1220 2574 1500 2615 sententiam.

0 2651 3 2689 ῃ
34 2633 205 2686 Εῖφηῠ.,
234 2633 371 2689 Benq.
387 2666 399 2685 ,
428 2633 628 2677 Boelmm
658 2648 756 2675 nam
784 2633 901 2689 quie
923 2632 1014 2674 vita
1032 2631 1167 2673 cessit
1183 2631 1374 2688 peccatis
1398 2645 1499 2671 con-

0 2703 5 2736 ξ
32 2690 201 2733 sacrata
221 2689 452 2732 absolutus
473 2695 542 2731 est
563 2705 585 2731 a
608 2694 786 2747 peccato
815 2689 945 2745 quasi
971 2688 1146 2730 domino
1175 2692 1219 2742 (a
1236 2687 1404 2744 peccati
1422 2700 1499 2743 po=

0 2738 7 2787 l
33 2747 236 2800 testate),
265 2752 313 2789 ut
331 2747 442 2789 nihil
462 2751 639 2804 peccato
660 2747 705 2789 in
726 2761 822 2788 eum
837 2746 956 2805 juris
975 2745 1050 2790 sit.
1109 2744 1197 2789 Sed
1216 2744 1261 2787 id
1281 2744 1393 2786 male
1413 2744 1456 2787 h.
1470 2742 1503 2788 l.

0 2795 7 2881 ζ
