<?xml version="1.0" encoding="UTF-8"?>
<!DOCTYPE html PUBLIC "-//W3C//DTD XHTML 1.0 Transitional//EN"
    "http://www.w3.org/TR/xhtml1/DTD/xhtml1-transitional.dtd">
<html xmlns="http://www.w3.org/1999/xhtml" xml:lang="en" lang="en">
 <head>
  <title>
</title>
<meta http-equiv="Content-Type" content="text/html;charset=utf-8" />
  <meta name='ocr-system' content='tesseract 3.04.00' />
  <meta name='ocr-capabilities' content='ocr_page ocr_carea ocr_par ocr_line ocrx_word'/>
</head>
<body>
  <div class='ocr_page' id='page_1' title='image "./pauliadromanosep01frituoft_0213.png"; bbox 0 0 1752 3347; ppageno 0'>
   <div class='ocr_carea' id='block_1_1' title="bbox 420 170 1498 218">
    <p class='ocr_par' dir='ltr' id='par_1_1' title="bbox 420 170 1498 218">
     <span class='ocr_line' id='line_1_1' title="bbox 420 170 1498 218; baseline -0.005 0"><span class='ocrx_word' id='word_1_1' title='bbox 420 173 577 218; x_wconf 82' lang='lat' dir='ltr'><strong>CAP.</strong></span> <span class='ocrx_word' id='word_1_2' title='bbox 611 173 722 218; x_wconf 84' lang='lat' dir='ltr'><strong>Ill.</strong></span> <span class='ocrx_word' id='word_1_3' title='bbox 767 174 856 217; x_wconf 69' lang='lat' dir='ltr'><strong>Vs.</strong></span> <span class='ocrx_word' id='word_1_4' title='bbox 886 176 928 216; x_wconf 73' lang='lat'><strong>22.</strong></span> <span class='ocrx_word' id='word_1_5' title='bbox 961 170 1498 216; x_wconf 75' lang='lat' dir='ltr'><strong>0t3..153</strong></span> 
     </span>
    </p>
   </div>
   <div class='ocr_carea' id='block_1_2' title="bbox 31 276 1576 2885">
    <p class='ocr_par' dir='ltr' id='par_1_2' title="bbox 31 276 1505 958">
     <span class='ocr_line' id='line_1_2' title="bbox 31 276 1498 337; baseline -0.004 -14"><span class='ocrx_word' id='word_1_6' title='bbox 31 281 207 324; x_wconf 86' lang='lat' dir='ltr'><strong>oracula</strong></span> <span class='ocrx_word' id='word_1_7' title='bbox 248 295 298 323; x_wconf 88' lang='lat' dir='ltr'><strong>ex</strong></span> <span class='ocrx_word' id='word_1_8' title='bbox 318 280 495 333; x_wconf 63' lang='lat' dir='ltr'><strong>dicant,</strong></span> <span class='ocrx_word' id='word_1_9' title='bbox 546 280 706 337; x_wconf 84' lang='lat' dir='ltr'><strong>quibus</strong></span> <span class='ocrx_word' id='word_1_10' title='bbox 736 279 861 322; x_wconf 89' lang='lat' dir='ltr'><strong>Deus</strong></span> <span class='ocrx_word' id='word_1_11' title='bbox 891 278 1123 331; x_wconf 84' lang='lat' dir='ltr'><strong>Messiam,</strong></span> <span class='ocrx_word' id='word_1_12' title='bbox 1161 276 1389 319; x_wconf 78' lang='lat' dir='ltr'><strong>felicitatis</strong></span> <span class='ocrx_word' id='word_1_13' title='bbox 1421 291 1498 317; x_wconf 89' lang='lat' dir='ltr'><strong>au-</strong></span> 
     </span>
     <span class='ocr_line' id='line_1_3' title="bbox 32 294 1496 395; baseline -0.005 -15"><span class='ocrx_word' id='word_1_14' title='bbox 32 342 210 391; x_wconf 78' lang='lat' dir='ltr'>ctorem,</span> <span class='ocrx_word' id='word_1_15' title='bbox 229 294 411 382; x_wconf 65' lang='lat' dir='ltr'><strong>Jutlaeis</strong></span> <span class='ocrx_word' id='word_1_16' title='bbox 432 338 657 395; x_wconf 74' lang='lat' dir='ltr'><strong>pollicitus</strong></span> <span class='ocrx_word' id='word_1_17' title='bbox 677 342 743 379; x_wconf 85' lang='lat' dir='ltr'><strong>est</strong></span> <span class='ocrx_word' id='word_1_18' title='bbox 761 337 812 392; x_wconf 87' lang='lat' dir='ltr'><strong>(i.</strong></span> <span class='ocrx_word' id='word_1_19' title='bbox 833 351 876 393; x_wconf 88' lang='lat' dir='ltr'><strong>q.</strong></span> <span class='ocrx_word' id='word_1_20' title='bbox 896 335 942 379; x_wconf 83' lang='grc' dir='ltr'><strong>αὶ</strong></span> <span class='ocrx_word' id='word_1_21' title='bbox 961 331 1220 391; x_wconf 72' lang='grc' dir='ltr'><em>ἐπαγγελίαι</em></span> <span class='ocrx_word' id='word_1_22' title='bbox 1232 333 1496 387; x_wconf 79' lang='lat' dir='ltr'><strong>R‹nn.¹.),4.).</strong></span> 
     </span>
     <span class='ocr_line' id='line_1_4' title="bbox 32 390 1497 450; baseline -0.005 -13"><span class='ocrx_word' id='word_1_23' title='bbox 32 394 192 450; x_wconf 87' lang='lat' dir='ltr'><strong>Magno</strong></span> <span class='ocrx_word' id='word_1_24' title='bbox 215 399 358 436; x_wconf 89' lang='lat' dir='ltr'><strong>autem</strong></span> <span class='ocrx_word' id='word_1_25' title='bbox 382 395 480 436; x_wconf 88' lang='lat' dir='ltr'><strong>usui</strong></span> <span class='ocrx_word' id='word_1_26' title='bbox 506 394 686 439; x_wconf 79' lang='lat' dir='ltr'><strong>Judaeis</strong></span> <span class='ocrx_word' id='word_1_27' title='bbox 709 399 827 447; x_wconf 87' lang='lat' dir='ltr'><strong>erat,</strong></span> <span class='ocrx_word' id='word_1_28' title='bbox 858 392 975 450; x_wconf 86' lang='lat' dir='ltr'><strong>quod</strong></span> <span class='ocrx_word' id='word_1_29' title='bbox 999 392 1154 447; x_wconf 85' lang='lat' dir='ltr'><strong>dignos</strong></span> <span class='ocrx_word' id='word_1_30' title='bbox 1175 405 1250 432; x_wconf 90' lang='lat' dir='ltr'><strong>eos</strong></span> <span class='ocrx_word' id='word_1_31' title='bbox 1269 390 1395 432; x_wconf 89' lang='lat' dir='ltr'><strong>Deus</strong></span> <span class='ocrx_word' id='word_1_32' title='bbox 1421 391 1497 431; x_wconf 87' lang='lat' dir='ltr'><strong>ha-</strong></span> 
     </span>
     <span class='ocr_line' id='line_1_5' title="bbox 32 446 1500 507; baseline -0.003 -15"><span class='ocrx_word' id='word_1_33' title='bbox 32 451 212 505; x_wconf 80' lang='lat' dir='ltr'><strong>buerat,</strong></span> <span class='ocrx_word' id='word_1_34' title='bbox 262 451 421 507; x_wconf 81' lang='lat' dir='ltr'><strong>quihus</strong></span> <span class='ocrx_word' id='word_1_35' title='bbox 460 451 668 492; x_wconf 85' lang='lat' dir='ltr'><strong>Messiam</strong></span> <span class='ocrx_word' id='word_1_36' title='bbox 709 456 975 492; x_wconf 80' lang='lat' dir='ltr'><strong>servatorem</strong></span> <span class='ocrx_word' id='word_1_37' title='bbox 1012 449 1305 507; x_wconf 77' lang='lat' dir='ltr'><strong>promitteret.</strong></span> <span class='ocrx_word' id='word_1_38' title='bbox 1378 446 1500 501; x_wconf 68' lang='lat' dir='ltr'><strong>Quo-</strong></span> 
     </span>
     <span class='ocr_line' id='line_1_6' title="bbox 34 505 1500 564; baseline -0.003 -16"><span class='ocrx_word' id='word_1_39' title='bbox 34 508 148 549; x_wconf 84' lang='lat' dir='ltr'><strong>niam</strong></span> <span class='ocrx_word' id='word_1_40' title='bbox 169 507 281 549; x_wconf 88' lang='lat' dir='ltr'><strong>enim</strong></span> <span class='ocrx_word' id='word_1_41' title='bbox 300 507 426 549; x_wconf 87' lang='lat' dir='ltr'><strong>Deus</strong></span> <span class='ocrx_word' id='word_1_42' title='bbox 447 522 578 549; x_wconf 78' lang='lat' dir='ltr'><strong>verax</strong></span> <span class='ocrx_word' id='word_1_43' title='bbox 604 512 672 548; x_wconf 79' lang='lat' dir='ltr'><strong>est</strong></span> <span class='ocrx_word' id='word_1_44' title='bbox 700 508 954 564; x_wconf 86' lang='lat' dir='ltr'><strong>nullumque</strong></span> <span class='ocrx_word' id='word_1_45' title='bbox 985 521 1110 548; x_wconf 87' lang='lat' dir='ltr'><strong>suum</strong></span> <span class='ocrx_word' id='word_1_46' title='bbox 1138 505 1404 562; x_wconf 87' lang='lat' dir='ltr'><strong>promissum</strong></span> <span class='ocrx_word' id='word_1_47' title='bbox 1431 518 1500 544; x_wconf 84' lang='lat' dir='ltr'><strong>re·-</strong></span> 
     </span>
     <span class='ocr_line' id='line_1_7' title="bbox 34 561 1499 618; baseline -0.004 -11"><span class='ocrx_word' id='word_1_48' title='bbox 34 568 160 607; x_wconf 78' lang='lat' dir='ltr'><strong>vocat</strong></span> <span class='ocrx_word' id='word_1_49' title='bbox 181 565 295 618; x_wconf 77' lang='grc' dir='ltr'><strong>(9,ϋ.</strong></span> <span class='ocrx_word' id='word_1_50' title='bbox 321 565 471 617; x_wconf 86' lang='lat'><strong>11,29.</strong></span> <span class='ocrx_word' id='word_1_51' title='bbox 498 564 565 615; x_wconf 86' lang='lat'><strong>15,</strong></span> <span class='ocrx_word' id='word_1_52' title='bbox 578 565 667 615; x_wconf 83' lang='lat'><strong>8.),</strong></span> <span class='ocrx_word' id='word_1_53' title='bbox 709 565 884 604; x_wconf 79' lang='lat' dir='ltr'><strong>oracula</strong></span> <span class='ocrx_word' id='word_1_54' title='bbox 910 563 962 604; x_wconf 87' lang='lat' dir='ltr'><strong>de</strong></span> <span class='ocrx_word' id='word_1_55' title='bbox 983 562 1147 605; x_wconf 85' lang='lat' dir='ltr'><strong>Messia</strong></span> <span class='ocrx_word' id='word_1_56' title='bbox 1180 561 1281 603; x_wconf 92' lang='lat' dir='ltr'><strong>data</strong></span> <span class='ocrx_word' id='word_1_57' title='bbox 1310 561 1499 604; x_wconf 72' lang='lat' dir='ltr'><strong>certissi-</strong></span> 
     </span>
     <span class='ocr_line' id='line_1_8' title="bbox 35 617 1502 675; baseline -0.003 -13"><span class='ocrx_word' id='word_1_58' title='bbox 35 634 151 662; x_wconf 82' lang='lat' dir='ltr'><strong>mam</strong></span> <span class='ocrx_word' id='word_1_59' title='bbox 169 619 350 664; x_wconf 76' lang='lat' dir='ltr'><strong>Judaeis</strong></span> <span class='ocrx_word' id='word_1_60' title='bbox 374 634 497 675; x_wconf 89' lang='lat' dir='ltr'><strong>spem</strong></span> <span class='ocrx_word' id='word_1_61' title='bbox 518 620 660 660; x_wconf 83' lang='lat' dir='ltr'><strong>facere</strong></span> <span class='ocrx_word' id='word_1_62' title='bbox 681 618 923 672; x_wconf 84' lang='lat' dir='ltr'><strong>debebant,</strong></span> <span class='ocrx_word' id='word_1_63' title='bbox 954 620 1075 671; x_wconf 84' lang='lat' dir='ltr'><strong>fore,</strong></span> <span class='ocrx_word' id='word_1_64' title='bbox 1115 625 1164 660; x_wconf 90' lang='lat' dir='ltr'><strong>ut</strong></span> <span class='ocrx_word' id='word_1_65' title='bbox 1192 617 1410 660; x_wconf 71' lang='lat' dir='ltr'><strong>messianzi</strong></span> <span class='ocrx_word' id='word_1_66' title='bbox 1437 617 1502 658; x_wconf 82' lang='lat' dir='ltr'><strong>fe-</strong></span> 
     </span>
     <span class='ocr_line' id='line_1_9' title="bbox 33 675 1504 731; baseline 0 -14"><span class='ocrx_word' id='word_1_67' title='bbox 33 677 201 718; x_wconf 88' lang='lat' dir='ltr'><strong>licitate</strong></span> <span class='ocrx_word' id='word_1_68' title='bbox 223 675 459 731; x_wconf 86' lang='lat' dir='ltr'><strong>aliquando</strong></span> <span class='ocrx_word' id='word_1_69' title='bbox 487 676 748 731; x_wconf 77' lang='lat' dir='ltr'><strong>potirentur.</strong></span> <span class='ocrx_word' id='word_1_70' title='bbox 807 675 976 730; x_wconf 64' lang='lat' dir='ltr'><strong>Kopp„</strong></span> <span class='ocrx_word' id='word_1_71' title='bbox 1014 676 1205 719; x_wconf 79' lang='lat' dir='ltr'><strong>Cramer.</strong></span> <span class='ocrx_word' id='word_1_72' title='bbox 1231 676 1290 719; x_wconf 90' lang='lat' dir='ltr'><strong>al.</strong></span> <span class='ocrx_word' id='word_1_73' title='bbox 1325 678 1504 716; x_wconf 80' lang='lat' dir='ltr'><strong>struunt</strong></span> 
     </span>
     <span class='ocr_line' id='line_1_10' title="bbox 35 727 1504 787; baseline -0.002 -14"><span class='ocrx_word' id='word_1_74' title='bbox 35 730 105 774; x_wconf 82' lang='grc' dir='ltr'><strong>ὅτι</strong></span> <span class='ocrx_word' id='word_1_75' title='bbox 123 731 177 773; x_wconf 83' lang='grc' dir='ltr'><strong>τὰ</strong></span> <span class='ocrx_word' id='word_1_76' title='bbox 199 728 326 785; x_wconf 78' lang='grc' dir='ltr'><em>λόγια</em></span> <span class='ocrx_word' id='word_1_77' title='bbox 347 732 426 772; x_wconf 81' lang='grc' dir='ltr'><strong>τοῦ</strong></span> <span class='ocrx_word' id='word_1_78' title='bbox 446 732 560 772; x_wconf 72' lang='grc' dir='ltr'><em>θεοῦ</em></span> <span class='ocrx_word' id='word_1_79' title='bbox 581 727 938 786; x_wconf 63' lang='grc' dir='ltr'><em>ἐπιστεύθησαν.</em></span> <span class='ocrx_word' id='word_1_80' title='bbox 977 733 1088 787; x_wconf 76' lang='lat' dir='ltr'><strong>qnod</strong></span> <span class='ocrx_word' id='word_1_81' title='bbox 1102 733 1318 786; x_wconf 71' lang='lat' dir='ltr'><strong>prom-issa</strong></span> <span class='ocrx_word' id='word_1_82' title='bbox 1337 732 1421 774; x_wconf 72' lang='lat' dir='ltr'><strong>dlv.</strong></span> <span class='ocrx_word' id='word_1_83' title='bbox 1450 731 1504 771; x_wconf 69' lang='lat' dir='ltr'><strong>iis</strong></span> 
     </span>
     <span class='ocr_line' id='line_1_11' title="bbox 33 785 1505 844; baseline -0.003 -14"><span class='ocrx_word' id='word_1_84' title='bbox 33 785 286 841; x_wconf 80' lang='lat' dir='ltr'><strong>confirmata</strong></span> <span class='ocrx_word' id='word_1_85' title='bbox 307 792 406 829; x_wconf 78' lang='lat' dir='ltr'><strong>sunt</strong></span> <span class='ocrx_word' id='word_1_86' title='bbox 424 787 468 831; x_wconf 90' lang='lat' dir='ltr'><strong>h.</strong></span> <span class='ocrx_word' id='word_1_87' title='bbox 488 801 526 831; x_wconf 89' lang='lat' dir='ltr'><strong>e.</strong></span> <span class='ocrx_word' id='word_1_88' title='bbox 551 785 667 843; x_wconf 90' lang='lat' dir='ltr'><strong>quod</strong></span> <span class='ocrx_word' id='word_1_89' title='bbox 686 787 808 829; x_wconf 88' lang='lat' dir='ltr'><strong>firma</strong></span> <span class='ocrx_word' id='word_1_90' title='bbox 831 788 1047 844; x_wconf 86' lang='lat' dir='ltr'><strong>promissa</strong></span> <span class='ocrx_word' id='word_1_91' title='bbox 1077 787 1287 829; x_wconf 74' lang='lat' dir='ltr'><strong>divinitus</strong></span> <span class='ocrx_word' id='word_1_92' title='bbox 1316 788 1372 830; x_wconf 91' lang='lat' dir='ltr'><strong>iis</strong></span> <span class='ocrx_word' id='word_1_93' title='bbox 1404 800 1505 828; x_wconf 89' lang='lat' dir='ltr'><strong>con-</strong></span> 
     </span>
     <span class='ocr_line' id='line_1_12' title="bbox 33 842 1504 900; baseline -0.001 -14"><span class='ocrx_word' id='word_1_94' title='bbox 33 845 245 899; x_wconf 84' lang='lat' dir='ltr'><strong>tigerunt.</strong></span> <span class='ocrx_word' id='word_1_95' title='bbox 317 842 516 900; x_wconf 76' lang='lat' dir='ltr'><strong>Quorum</strong></span> <span class='ocrx_word' id='word_1_96' title='bbox 555 844 670 885; x_wconf 89' lang='lat' dir='ltr'><strong>ratio</strong></span> <span class='ocrx_word' id='word_1_97' title='bbox 707 844 822 885; x_wconf 86' lang='lat' dir='ltr'><strong>falsa</strong></span> <span class='ocrx_word' id='word_1_98' title='bbox 854 850 923 885; x_wconf 87' lang='lat' dir='ltr'><strong>est</strong></span> <span class='ocrx_word' id='word_1_99' title='bbox 950 858 1033 884; x_wconf 91' lang='lat' dir='ltr'><strong>non</strong></span> <span class='ocrx_word' id='word_1_100' title='bbox 1066 849 1249 900; x_wconf 84' lang='lat' dir='ltr'><strong>propter</strong></span> <span class='ocrx_word' id='word_1_101' title='bbox 1282 844 1504 887; x_wconf 79' lang='lat' dir='ltr'><strong>pluralem</strong></span> 
     </span>
     <span class='ocr_line' id='line_1_13' title="bbox 34 896 1503 958; baseline 0.001 -16"><span class='ocrx_word' id='word_1_102' title='bbox 34 897 365 957; x_wconf 67' lang='grc' dir='ltr'><strong><em>ἐπιστεύθησαν</em></strong></span> <span class='ocrx_word' id='word_1_103' title='bbox 384 900 632 957; x_wconf 69' lang='grc' dir='ltr'><strong>(ΒιιεσΙι-ει·ΐ.</strong></span> <span class='ocrx_word' id='word_1_104' title='bbox 655 901 823 958; x_wconf 78' lang='lat' dir='ltr'><strong>expetit</strong></span> <span class='ocrx_word' id='word_1_105' title='bbox 852 896 1125 955; x_wconf 69' lang='grc' dir='ltr'><em>ἐπιστεύθη.</em></span> <span class='ocrx_word' id='word_1_106' title='bbox 1162 899 1251 943; x_wconf 75' lang='lat' dir='ltr'><strong>vid.</strong></span> <span class='ocrx_word' id='word_1_107' title='bbox 1292 902 1402 944; x_wconf 70' lang='lat' dir='ltr'><strong>Win.</strong></span> <span class='ocrx_word' id='word_1_108' title='bbox 1435 914 1503 955; x_wconf 80' lang='lat' dir='ltr'><strong>gr.</strong></span> 
     </span>
    </p>

    <p class='ocr_par' dir='ltr' id='par_1_3' title="bbox 34 954 1576 2885">
     <span class='ocr_line' id='line_1_14' title="bbox 68 954 1507 1016; baseline -0.002 -15"><span class='ocrx_word' id='word_1_109' title='bbox 68 989 80 1001; x_wconf 90' lang='lat'><strong>.</strong></span> <span class='ocrx_word' id='word_1_110' title='bbox 100 957 248 1012; x_wconf 83' lang='lat'><strong>299.),</strong></span> <span class='ocrx_word' id='word_1_111' title='bbox 286 956 365 1000; x_wconf 87' lang='lat' dir='ltr'><strong>sed</strong></span> <span class='ocrx_word' id='word_1_112' title='bbox 388 963 569 1016; x_wconf 86' lang='lat' dir='ltr'><strong>propter</strong></span> <span class='ocrx_word' id='word_1_113' title='bbox 594 958 739 1014; x_wconf 86' lang='lat' dir='ltr'><strong>ipsum</strong></span> <span class='ocrx_word' id='word_1_114' title='bbox 772 956 952 999; x_wconf 85' lang='lat' dir='ltr'><strong>verbum</strong></span> <span class='ocrx_word' id='word_1_115' title='bbox 981 954 1328 1011; x_wconf 65' lang='grc' dir='ltr'><em>ἐπιστεύθησαν.</em></span> <span class='ocrx_word' id='word_1_116' title='bbox 1384 956 1507 999; x_wconf 86' lang='lat' dir='ltr'><strong>Scri-</strong></span> 
     </span>
     <span class='ocr_line' id='line_1_15' title="bbox 34 970 1504 1068; baseline -0.001 -11"><span class='ocrx_word' id='word_1_117' title='bbox 34 970 223 1057; x_wconf 61' lang='lat' dir='ltr'><strong>Eendum</strong></span> <span class='ocrx_word' id='word_1_118' title='bbox 244 1014 306 1055; x_wconf 84' lang='lat' dir='ltr'><strong>sie</strong></span> <span class='ocrx_word' id='word_1_119' title='bbox 325 1014 494 1058; x_wconf 82' lang='lat' dir='ltr'><strong>fuerat:</strong></span> <span class='ocrx_word' id='word_1_120' title='bbox 514 1041 567 1046; x_wconf 79' lang='lat'><strong>——</strong></span> <span class='ocrx_word' id='word_1_121' title='bbox 597 1016 665 1055; x_wconf 75' lang='grc' dir='ltr'><strong>ὅτι</strong></span> <span class='ocrx_word' id='word_1_122' title='bbox 689 1014 765 1056; x_wconf 79' lang='grc' dir='ltr'><strong>ἐπι</strong></span> <span class='ocrx_word' id='word_1_123' title='bbox 779 1010 884 1055; x_wconf 81' lang='grc' dir='ltr'><strong>στώ</strong></span> <span class='ocrx_word' id='word_1_124' title='bbox 898 1016 1043 1068; x_wconf 70' lang='grc' dir='ltr'><em>θησαν</em></span> <span class='ocrx_word' id='word_1_125' title='bbox 1065 1011 1214 1063; x_wconf 70' lang='grc' dir='ltr'><strong><em>αὐτοῖς</em></strong></span> <span class='ocrx_word' id='word_1_126' title='bbox 1237 1012 1504 1068; x_wconf 71' lang='grc' dir='ltr'><em>λόγιαθεοῦ.</em></span> 
     </span>
     <span class='ocr_line' id='line_1_16' title="bbox 37 1068 1505 1127; baseline -0.003 -12"><span class='ocrx_word' id='word_1_127' title='bbox 37 1071 107 1115; x_wconf 78' lang='lat' dir='ltr'><strong>Cf.</strong></span> <span class='ocrx_word' id='word_1_128' title='bbox 129 1070 267 1113; x_wconf 90' lang='lat' dir='ltr'><strong>LXX</strong></span> <span class='ocrx_word' id='word_1_129' title='bbox 289 1070 365 1114; x_wconf 82' lang='lat' dir='ltr'><strong>Ps.</strong></span> <span class='ocrx_word' id='word_1_130' title='bbox 382 1072 452 1125; x_wconf 82' lang='lat'><strong>92,</strong></span> <span class='ocrx_word' id='word_1_131' title='bbox 465 1071 506 1114; x_wconf 85' lang='lat'><strong>5.</strong></span> <span class='ocrx_word' id='word_1_132' title='bbox 535 1073 560 1113; x_wconf 91' lang='lat'>1</span> <span class='ocrx_word' id='word_1_133' title='bbox 582 1070 695 1125; x_wconf 73' lang='lat' dir='ltr'><strong>Reg.</strong></span> <span class='ocrx_word' id='word_1_134' title='bbox 716 1071 856 1124; x_wconf 85' lang='lat'><strong>8‚26..</strong></span> <span class='ocrx_word' id='word_1_135' title='bbox 922 1070 982 1113; x_wconf 89' lang='lat' dir='ltr'><strong>V.</strong></span> <span class='ocrx_word' id='word_1_136' title='bbox 1011 1069 1054 1113; x_wconf 90' lang='grc'><strong>3.</strong></span> <span class='ocrx_word' id='word_1_137' title='bbox 1106 1068 1196 1112; x_wconf 86' lang='lat' dir='ltr'><strong>Sed</strong></span> <span class='ocrx_word' id='word_1_138' title='bbox 1220 1075 1395 1127; x_wconf 87' lang='lat' dir='ltr'><strong>poterat</strong></span> <span class='ocrx_word' id='word_1_139' title='bbox 1423 1071 1505 1112; x_wconf 89' lang='lat' dir='ltr'><strong>ali-</strong></span> 
     </span>
     <span class='ocr_line' id='line_1_17' title="bbox 37 1127 1507 1184; baseline -0.001 -15"><span class='ocrx_word' id='word_1_140' title='bbox 37 1127 139 1184; x_wconf 89' lang='lat' dir='ltr'><strong>quis</strong></span> <span class='ocrx_word' id='word_1_141' title='bbox 167 1127 244 1169; x_wconf 88' lang='lat' dir='ltr'><strong>illa</strong></span> <span class='ocrx_word' id='word_1_142' title='bbox 274 1127 363 1170; x_wconf 89' lang='lat' dir='ltr'><strong>Dei</strong></span> <span class='ocrx_word' id='word_1_143' title='bbox 392 1129 568 1171; x_wconf 85' lang='lat' dir='ltr'><strong>oracula</strong></span> <span class='ocrx_word' id='word_1_144' title='bbox 603 1127 786 1172; x_wconf 85' lang='lat' dir='ltr'><strong>Judaeis</strong></span> <span class='ocrx_word' id='word_1_145' title='bbox 813 1128 1103 1170; x_wconf 85' lang='lat' dir='ltr'><strong>emolumento</strong></span> <span class='ocrx_word' id='word_1_146' title='bbox 1135 1141 1233 1168; x_wconf 88' lang='lat' dir='ltr'><strong>esse</strong></span> <span class='ocrx_word' id='word_1_147' title='bbox 1262 1127 1345 1168; x_wconf 92' lang='lat' dir='ltr'><strong>hoc</strong></span> <span class='ocrx_word' id='word_1_148' title='bbox 1377 1141 1507 1181; x_wconf 88' lang='lat' dir='ltr'><strong>argu-</strong></span> 
     </span>
     <span class='ocr_line' id='line_1_18' title="bbox 36 1183 1507 1242; baseline -0.001 -16"><span class='ocrx_word' id='word_1_149' title='bbox 36 1188 180 1226; x_wconf 89' lang='lat' dir='ltr'><strong>mento</strong></span> <span class='ocrx_word' id='word_1_150' title='bbox 218 1199 403 1239; x_wconf 88' lang='lat' dir='ltr'><strong>negare,</strong></span> <span class='ocrx_word' id='word_1_151' title='bbox 441 1185 558 1242; x_wconf 88' lang='lat' dir='ltr'><strong>quod</strong></span> <span class='ocrx_word' id='word_1_152' title='bbox 595 1186 723 1226; x_wconf 89' lang='lat' dir='ltr'><strong>multi</strong></span> <span class='ocrx_word' id='word_1_153' title='bbox 751 1184 909 1229; x_wconf 83' lang='lat' dir='ltr'><strong>Judaei</strong></span> <span class='ocrx_word' id='word_1_154' title='bbox 939 1184 1018 1225; x_wconf 91' lang='lat' dir='ltr'><strong>illo</strong></span> <span class='ocrx_word' id='word_1_155' title='bbox 1046 1183 1137 1225; x_wconf 90' lang='lat' dir='ltr'><strong>Dei</strong></span> <span class='ocrx_word' id='word_1_156' title='bbox 1167 1183 1378 1226; x_wconf 79' lang='lat' dir='ltr'><strong>beneficio</strong></span> <span class='ocrx_word' id='word_1_157' title='bbox 1406 1198 1507 1240; x_wconf 90' lang='lat' dir='ltr'><strong>per-</strong></span> 
     </span>
     <span class='ocr_line' id='line_1_19' title="bbox 37 1240 1507 1298; baseline -0.001 -15"><span class='ocrx_word' id='word_1_158' title='bbox 37 1255 163 1283; x_wconf 76' lang='lat' dir='ltr'><strong>verse</strong></span> <span class='ocrx_word' id='word_1_159' title='bbox 183 1241 253 1283; x_wconf 89' lang='lat' dir='ltr'><strong>usi</strong></span> <span class='ocrx_word' id='word_1_160' title='bbox 273 1241 381 1286; x_wconf 81' lang='lat' dir='ltr'><strong>Jesu</strong></span> <span class='ocrx_word' id='word_1_161' title='bbox 402 1241 567 1284; x_wconf 85' lang='lat' dir='ltr'><strong>Messia</strong></span> <span class='ocrx_word' id='word_1_162' title='bbox 591 1241 819 1298; x_wconf 85' lang='lat' dir='ltr'><strong>repudiato</strong></span> <span class='ocrx_word' id='word_1_163' title='bbox 837 1241 926 1284; x_wconf 90' lang='lat' dir='ltr'><strong>Dei</strong></span> <span class='ocrx_word' id='word_1_164' title='bbox 957 1241 1148 1282; x_wconf 90' lang='lat' dir='ltr'><strong>oraculis</strong></span> <span class='ocrx_word' id='word_1_165' title='bbox 1177 1241 1343 1282; x_wconf 90' lang='lat' dir='ltr'><strong>nullam</strong></span> <span class='ocrx_word' id='word_1_166' title='bbox 1376 1240 1507 1282; x_wconf 89' lang='lat' dir='ltr'><strong>fidem</strong></span> 
     </span>
     <span class='ocr_line' id='line_1_20' title="bbox 38 1296 1509 1357; baseline 0 -18"><span class='ocrx_word' id='word_1_167' title='bbox 38 1297 365 1357; x_wconf 78' lang='lat' dir='ltr'><strong>adjunxissent.</strong></span> <span class='ocrx_word' id='word_1_168' title='bbox 422 1297 583 1355; x_wconf 88' lang='lat' dir='ltr'><strong>Itaque</strong></span> <span class='ocrx_word' id='word_1_169' title='bbox 608 1297 658 1341; x_wconf 89' lang='lat' dir='ltr'><strong>P.</strong></span> <span class='ocrx_word' id='word_1_170' title='bbox 678 1313 719 1342; x_wconf 81' lang='lat' dir='ltr'><strong>v.</strong></span> <span class='ocrx_word' id='word_1_171' title='bbox 739 1299 780 1342; x_wconf 88' lang='grc'><strong>3.</strong></span> <span class='ocrx_word' id='word_1_172' title='bbox 803 1299 847 1342; x_wconf 84' lang='lat'><strong>4.</strong></span> <span class='ocrx_word' id='word_1_173' title='bbox 870 1296 988 1354; x_wconf 88' lang='lat' dir='ltr'><strong>quod</strong></span> <span class='ocrx_word' id='word_1_174' title='bbox 1011 1296 1143 1356; x_wconf 84' lang='lat' dir='ltr'><strong>objici</strong></span> <span class='ocrx_word' id='word_1_175' title='bbox 1172 1302 1348 1355; x_wconf 90' lang='lat' dir='ltr'><strong>poterat</strong></span> <span class='ocrx_word' id='word_1_176' title='bbox 1379 1312 1509 1356; x_wconf 87' lang='lat' dir='ltr'><strong>prae-</strong></span> 
     </span>
     <span class='ocr_line' id='line_1_21' title="bbox 38 1354 1508 1415; baseline -0.001 -19"><span class='ocrx_word' id='word_1_177' title='bbox 38 1369 253 1413; x_wconf 85' lang='lat' dir='ltr'><strong>occupans</strong></span> <span class='ocrx_word' id='word_1_178' title='bbox 275 1360 446 1410; x_wconf 86' lang='lat' dir='ltr'><strong>gentem</strong></span> <span class='ocrx_word' id='word_1_179' title='bbox 460 1355 658 1415; x_wconf 87' lang='lat' dir='ltr'><strong>jud.Dei</strong></span> <span class='ocrx_word' id='word_1_180' title='bbox 681 1355 872 1398; x_wconf 88' lang='lat' dir='ltr'><strong>oraculis</strong></span> <span class='ocrx_word' id='word_1_181' title='bbox 894 1369 996 1396; x_wconf 81' lang='lat' dir='ltr'><strong>vere</strong></span> <span class='ocrx_word' id='word_1_182' title='bbox 1019 1354 1166 1396; x_wconf 88' lang='lat' dir='ltr'><strong>ornari</strong></span> <span class='ocrx_word' id='word_1_183' title='bbox 1186 1357 1249 1410; x_wconf 81' lang='lat' dir='ltr'><strong>(v.</strong></span> <span class='ocrx_word' id='word_1_184' title='bbox 1270 1355 1336 1409; x_wconf 83' lang='lat'><strong>2.)</strong></span> <span class='ocrx_word' id='word_1_185' title='bbox 1357 1370 1408 1397; x_wconf 93' lang='lat' dir='ltr'><strong>eo</strong></span> <span class='ocrx_word' id='word_1_186' title='bbox 1430 1354 1508 1396; x_wconf 86' lang='lat' dir='ltr'><strong>do-</strong></span> 
     </span>
     <span class='ocr_line' id='line_1_22' title="bbox 38 1410 1508 1468; baseline -0.001 -15"><span class='ocrx_word' id='word_1_187' title='bbox 38 1416 131 1465; x_wconf 83' lang='lat' dir='ltr'><strong>cet,</strong></span> <span class='ocrx_word' id='word_1_188' title='bbox 161 1411 278 1468; x_wconf 89' lang='lat' dir='ltr'><strong>quod</strong></span> <span class='ocrx_word' id='word_1_189' title='bbox 299 1412 395 1454; x_wconf 88' lang='lat' dir='ltr'><strong>fieri</strong></span> <span class='ocrx_word' id='word_1_190' title='bbox 415 1419 625 1468; x_wconf 83' lang='lat' dir='ltr'><strong>nequeat,</strong></span> <span class='ocrx_word' id='word_1_191' title='bbox 663 1418 711 1454; x_wconf 93' lang='lat' dir='ltr'><strong>ut</strong></span> <span class='ocrx_word' id='word_1_192' title='bbox 740 1413 1049 1455; x_wconf 86' lang='lat' dir='ltr'><strong>nonnullorum</strong></span> <span class='ocrx_word' id='word_1_193' title='bbox 1079 1410 1345 1454; x_wconf 86' lang='lat' dir='ltr'><strong>Judaeorum</strong></span> <span class='ocrx_word' id='word_1_194' title='bbox 1377 1410 1508 1452; x_wconf 86' lang='lat' dir='ltr'><strong>fidem</strong></span> 
     </span>
     <span class='ocr_line' id='line_1_23' title="bbox 38 1466 1508 1526; baseline -0.001 -17"><span class='ocrx_word' id='word_1_195' title='bbox 38 1482 125 1510; x_wconf 88' lang='lat' dir='ltr'><strong>non</strong></span> <span class='ocrx_word' id='word_1_196' title='bbox 157 1468 408 1510; x_wconf 83' lang='lat' dir='ltr'><strong>habentium</strong></span> <span class='ocrx_word' id='word_1_197' title='bbox 437 1470 636 1526; x_wconf 71' lang='lat' dir='ltr'><strong>pravitas</strong></span> <span class='ocrx_word' id='word_1_198' title='bbox 666 1483 858 1512; x_wconf 79' lang='lat' dir='ltr'><strong>veracem</strong></span> <span class='ocrx_word' id='word_1_199' title='bbox 889 1469 1034 1510; x_wconf 89' lang='lat' dir='ltr'><strong>Deum</strong></span> <span class='ocrx_word' id='word_1_200' title='bbox 1064 1466 1119 1508; x_wconf 88' lang='lat' dir='ltr'><strong>ad</strong></span> <span class='ocrx_word' id='word_1_201' title='bbox 1147 1467 1293 1509; x_wconf 86' lang='lat' dir='ltr'><strong>datam</strong></span> <span class='ocrx_word' id='word_1_202' title='bbox 1322 1466 1508 1511; x_wconf 88' lang='lat' dir='ltr'><strong>Judaeis</strong></span> 
     </span>
     <span class='ocr_line' id='line_1_24' title="bbox 38 1522 1508 1581; baseline -0.001 -15"><span class='ocrx_word' id='word_1_203' title='bbox 38 1524 169 1566; x_wconf 77' lang='lat' dir='ltr'><strong>iidem</strong></span> <span class='ocrx_word' id='word_1_204' title='bbox 188 1524 424 1567; x_wconf 84' lang='lat' dir='ltr'><strong>fallendam</strong></span> <span class='ocrx_word' id='word_1_205' title='bbox 444 1524 644 1568; x_wconf 88' lang='lat' dir='ltr'><strong>adducat.</strong></span> <span class='ocrx_word' id='word_1_206' title='bbox 702 1524 746 1566; x_wconf 84' lang='grc' dir='ltr'><strong>τί</strong></span> <span class='ocrx_word' id='word_1_207' title='bbox 776 1522 900 1580; x_wconf 69' lang='grc' dir='ltr'><strong><em>γάρς]</em></strong></span> <span class='ocrx_word' id='word_1_208' title='bbox 933 1525 1029 1566; x_wconf 88' lang='lat' dir='ltr'><strong>Hae</strong></span> <span class='ocrx_word' id='word_1_209' title='bbox 1058 1525 1327 1581; x_wconf 82' lang='lat' dir='ltr'><strong>particulae,</strong></span> <span class='ocrx_word' id='word_1_210' title='bbox 1358 1539 1508 1581; x_wconf 91' lang='lat' dir='ltr'><strong>quem-</strong></span> 
     </span>
     <span class='ocr_line' id='line_1_25' title="bbox 38 1577 1507 1637; baseline -0.001 -14"><span class='ocrx_word' id='word_1_211' title='bbox 38 1579 269 1623; x_wconf 84' lang='lat' dir='ltr'><strong>admodum</strong></span> <span class='ocrx_word' id='word_1_212' title='bbox 288 1581 586 1624; x_wconf 86' lang='lat' dir='ltr'><strong>Romanorum</strong></span> <span class='ocrx_word' id='word_1_213' title='bbox 607 1581 707 1637; x_wconf 68' lang='lat' dir='ltr'><strong>qnid</strong></span> <span class='ocrx_word' id='word_1_214' title='bbox 727 1577 873 1624; x_wconf 71' lang='lat' dir='ltr'><strong>enim?</strong></span> <span class='ocrx_word' id='word_1_215' title='bbox 917 1584 977 1634; x_wconf 82' lang='lat' dir='ltr'><strong>(v.</strong></span> <span class='ocrx_word' id='word_1_216' title='bbox 1013 1595 1049 1623; x_wconf 84' lang='lat' dir='ltr'><strong>c.</strong></span> <span class='ocrx_word' id='word_1_217' title='bbox 1082 1581 1174 1624; x_wconf 88' lang='lat' dir='ltr'><strong>Cic.</strong></span> <span class='ocrx_word' id='word_1_218' title='bbox 1204 1581 1258 1623; x_wconf 88' lang='lat' dir='ltr'><strong>de</strong></span> <span class='ocrx_word' id='word_1_219' title='bbox 1291 1581 1351 1624; x_wconf 63' lang='lat' dir='ltr'><strong>N.</strong></span> <span class='ocrx_word' id='word_1_220' title='bbox 1382 1582 1443 1624; x_wconf 89' lang='lat' dir='ltr'><strong>D.</strong></span> <span class='ocrx_word' id='word_1_221' title='bbox 1464 1581 1507 1633; x_wconf 80' lang='lat'><strong>3,</strong></span> 
     </span>
     <span class='ocr_line' id='line_1_26' title="bbox 40 1637 1507 1693; baseline -0.002 -12"><span class='ocrx_word' id='word_1_222' title='bbox 40 1639 112 1692; x_wconf 84' lang='lat'><strong>14,</strong></span> <span class='ocrx_word' id='word_1_223' title='bbox 123 1638 194 1682; x_wconf 87' lang='lat'><strong>37.</strong></span> <span class='ocrx_word' id='word_1_224' title='bbox 218 1638 368 1691; x_wconf 82' lang='lat'><strong>15‚38.</strong></span> <span class='ocrx_word' id='word_1_225' title='bbox 387 1637 547 1681; x_wconf 85' lang='lat' dir='ltr'><strong>Horat.</strong></span> <span class='ocrx_word' id='word_1_226' title='bbox 573 1637 668 1681; x_wconf 88' lang='lat' dir='ltr'><strong>Sat.</strong></span> <span class='ocrx_word' id='word_1_227' title='bbox 692 1639 731 1691; x_wconf 91' lang='lat' dir='ltr'><strong>l,</strong></span> <span class='ocrx_word' id='word_1_228' title='bbox 746 1639 836 1690; x_wconf 83' lang='lat'><strong>1,7.</strong></span> <span class='ocrx_word' id='word_1_229' title='bbox 867 1637 960 1691; x_wconf 82' lang='lat'><strong>2,3‚</strong></span> <span class='ocrx_word' id='word_1_230' title='bbox 975 1637 1093 1693; x_wconf 82' lang='lat'><strong>132.)</strong></span> <span class='ocrx_word' id='word_1_231' title='bbox 1121 1643 1165 1679; x_wconf 88' lang='lat' dir='ltr'><strong>et</strong></span> <span class='ocrx_word' id='word_1_232' title='bbox 1187 1638 1507 1680; x_wconf 83' lang='lat' dir='ltr'><strong>Germanorum</strong></span> 
     </span>
     <span class='ocr_line' id='line_1_27' title="bbox 39 1694 1508 1753; baseline -0.005 -12"><span class='ocrx_word' id='word_1_233' title='bbox 39 1698 164 1740; x_wconf 77' lang='lat' dir='ltr'><strong>benn</strong></span> <span class='ocrx_word' id='word_1_234' title='bbox 181 1697 312 1741; x_wconf 54' lang='lat' dir='ltr'><strong>mag?</strong></span> <span class='ocrx_word' id='word_1_235' title='bbox 340 1694 628 1753; x_wconf 85' lang='lat' dir='ltr'><strong>explicandae</strong></span> <span class='ocrx_word' id='word_1_236' title='bbox 646 1694 1053 1750; x_wconf 88' lang='lat' dir='ltr'><strong>confirmandaeque</strong></span> <span class='ocrx_word' id='word_1_237' title='bbox 1079 1697 1156 1736; x_wconf 82' lang='lat' dir='ltr'><strong>aut</strong></span> <span class='ocrx_word' id='word_1_238' title='bbox 1183 1694 1277 1737; x_wconf 86' lang='lat' dir='ltr'><strong>voci</strong></span> <span class='ocrx_word' id='word_1_239' title='bbox 1306 1698 1382 1735; x_wconf 85' lang='lat' dir='ltr'><strong>aut</strong></span> <span class='ocrx_word' id='word_1_240' title='bbox 1409 1708 1508 1735; x_wconf 88' lang='lat' dir='ltr'><strong>sen-</strong></span> 
     </span>
     <span class='ocr_line' id='line_1_28' title="bbox 40 1751 1511 1808; baseline 0.001 -15"><span class='ocrx_word' id='word_1_241' title='bbox 40 1751 202 1795; x_wconf 85' lang='lat' dir='ltr'><strong>tentiae</strong></span> <span class='ocrx_word' id='word_1_242' title='bbox 223 1751 486 1794; x_wconf 84' lang='lat' dir='ltr'><strong>adhibentur</strong></span> <span class='ocrx_word' id='word_1_243' title='bbox 515 1753 577 1807; x_wconf 77' lang='lat' dir='ltr'><strong>(v,</strong></span> <span class='ocrx_word' id='word_1_244' title='bbox 607 1766 644 1795; x_wconf 88' lang='lat' dir='ltr'><strong>c.</strong></span> <span class='ocrx_word' id='word_1_245' title='bbox 668 1751 804 1808; x_wconf 87' lang='lat' dir='ltr'><strong>Soph.</strong></span> <span class='ocrx_word' id='word_1_246' title='bbox 826 1751 938 1795; x_wconf 89' lang='lat' dir='ltr'><strong>Oed.</strong></span> <span class='ocrx_word' id='word_1_247' title='bbox 959 1751 1010 1796; x_wconf 89' lang='lat' dir='ltr'><strong>C.</strong></span> <span class='ocrx_word' id='word_1_248' title='bbox 1039 1765 1081 1794; x_wconf 78' lang='lat' dir='ltr'><strong>v,</strong></span> <span class='ocrx_word' id='word_1_249' title='bbox 1102 1751 1205 1795; x_wconf 76' lang='lat'><strong>544.</strong></span> <span class='ocrx_word' id='word_1_250' title='bbox 1235 1751 1334 1795; x_wconf 83' lang='lat'><strong>553.</strong></span> <span class='ocrx_word' id='word_1_251' title='bbox 1355 1752 1511 1794; x_wconf 81' lang='lat' dir='ltr'><strong>Herm.</strong></span> 
     </span>
     <span class='ocr_line' id='line_1_29' title="bbox 39 1808 1512 1864; baseline -0.002 -13"><span class='ocrx_word' id='word_1_252' title='bbox 39 1808 178 1851; x_wconf 85' lang='lat' dir='ltr'><strong>LXX</strong></span> <span class='ocrx_word' id='word_1_253' title='bbox 208 1808 307 1853; x_wconf 84' lang='lat' dir='ltr'><strong>Job.</strong></span> <span class='ocrx_word' id='word_1_254' title='bbox 331 1810 400 1863; x_wconf 85' lang='lat'><strong>18,</strong></span> <span class='ocrx_word' id='word_1_255' title='bbox 413 1810 457 1853; x_wconf 81' lang='grc'><strong>4.</strong></span> <span class='ocrx_word' id='word_1_256' title='bbox 484 1811 556 1862; x_wconf 84' lang='grc'><strong>21,</strong></span> <span class='ocrx_word' id='word_1_257' title='bbox 569 1809 651 1864; x_wconf 81' lang='grc'><strong>4.).</strong></span> <span class='ocrx_word' id='word_1_258' title='bbox 709 1809 823 1851; x_wconf 84' lang='lat' dir='ltr'><strong>Sunt</strong></span> <span class='ocrx_word' id='word_1_259' title='bbox 854 1810 968 1851; x_wconf 86' lang='lat' dir='ltr'><strong>enim</strong></span> <span class='ocrx_word' id='word_1_260' title='bbox 999 1808 1252 1850; x_wconf 83' lang='lat' dir='ltr'><strong>decurtatae</strong></span> <span class='ocrx_word' id='word_1_261' title='bbox 1279 1808 1388 1849; x_wconf 87' lang='lat' dir='ltr'><strong>illae</strong></span> <span class='ocrx_word' id='word_1_262' title='bbox 1418 1808 1512 1849; x_wconf 89' lang='lat' dir='ltr'><strong>for-</strong></span> 
     </span>
     <span class='ocr_line' id='line_1_30' title="bbox 42 1860 1511 1924; baseline -0.002 -16"><span class='ocrx_word' id='word_1_263' title='bbox 42 1867 184 1908; x_wconf 80' lang='lat' dir='ltr'><strong>mulae</strong></span> <span class='ocrx_word' id='word_1_264' title='bbox 217 1866 277 1908; x_wconf 90' lang='lat' dir='ltr'><strong>ita</strong></span> <span class='ocrx_word' id='word_1_265' title='bbox 308 1866 575 1924; x_wconf 87' lang='lat' dir='ltr'><strong>explendae:</strong></span> <span class='ocrx_word' id='word_1_266' title='bbox 613 1862 657 1907; x_wconf 78' lang='grc' dir='ltr'><strong>τί</strong></span> <span class='ocrx_word' id='word_1_267' title='bbox 686 1863 767 1920; x_wconf 76' lang='grc' dir='ltr'><strong>γάρ</strong></span> <span class='ocrx_word' id='word_1_268' title='bbox 799 1864 975 1917; x_wconf 51' lang='lat' dir='ltr'><strong>§ovam-</strong></span> <span class='ocrx_word' id='word_1_269' title='bbox 1015 1867 1074 1920; x_wconf 80' lang='lat' dir='ltr'><strong>(s,</strong></span> <span class='ocrx_word' id='word_1_270' title='bbox 1105 1862 1150 1906; x_wconf 80' lang='grc' dir='ltr'><strong>τί</strong></span> <span class='ocrx_word' id='word_1_271' title='bbox 1175 1864 1257 1920; x_wconf 70' lang='grc' dir='ltr'><strong>γὰρ</strong></span> <span class='ocrx_word' id='word_1_272' title='bbox 1288 1861 1346 1906; x_wconf 72' lang='grc' dir='ltr'><strong>ἂν</strong></span> <span class='ocrx_word' id='word_1_273' title='bbox 1372 1860 1511 1919; x_wconf 74' lang='grc' dir='ltr'><em>εἴης)</em></span> 
     </span>
     <span class='ocr_line' id='line_1_31' title="bbox 44 1919 1513 1979; baseline 0.001 -15"><span class='ocrx_word' id='word_1_274' title='bbox 44 1922 150 1979; x_wconf 85' lang='lat' dir='ltr'><strong>quid</strong></span> <span class='ocrx_word' id='word_1_275' title='bbox 178 1923 293 1965; x_wconf 86' lang='lat' dir='ltr'><strong>enim</strong></span> <span class='ocrx_word' id='word_1_276' title='bbox 323 1919 418 1966; x_wconf 77' lang='lat' dir='ltr'><strong>est?</strong></span> <span class='ocrx_word' id='word_1_277' title='bbox 457 1926 557 1967; x_wconf 75' lang='lat' dir='ltr'><strong>bean</strong></span> <span class='ocrx_word' id='word_1_278' title='bbox 587 1928 673 1968; x_wconf 59' lang='lat' dir='ltr'><strong>moe*</strong></span> <span class='ocrx_word' id='word_1_279' title='bbox 699 1924 907 1978; x_wconf 66' lang='lat' dir='ltr'><strong>giebt&#39;ss‘?</strong></span> <span class='ocrx_word' id='word_1_280' title='bbox 953 1923 997 1966; x_wconf 90' lang='lat' dir='ltr'><strong>h.</strong></span> <span class='ocrx_word' id='word_1_281' title='bbox 1029 1936 1068 1964; x_wconf 87' lang='lat' dir='ltr'><strong>e.</strong></span> <span class='ocrx_word' id='word_1_282' title='bbox 1099 1924 1200 1967; x_wconf 67' lang='lat' dir='ltr'><strong>bena</strong></span> <span class='ocrx_word' id='word_1_283' title='bbox 1229 1923 1301 1965; x_wconf 77' lang='lat' dir='ltr'><strong>mie</strong></span> <span class='ocrx_word' id='word_1_284' title='bbox 1333 1923 1423 1975; x_wconf 66' lang='lat' dir='ltr'><strong>negt</strong></span> <span class='ocrx_word' id='word_1_285' title='bbox 1450 1922 1513 1966; x_wconf 76' lang='lat' dir='ltr'><strong>bie</strong></span> 
     </span>
     <span class='ocr_line' id='line_1_32' title="bbox 43 1976 1512 2035; baseline -0.006 -9"><span class='ocrx_word' id='word_1_286' title='bbox 43 1981 208 2031; x_wconf 58' lang='grc' dir='ltr'><strong>ἕαώέἳ</strong></span> <span class='ocrx_word' id='word_1_287' title='bbox 238 1983 340 2025; x_wconf 69' lang='lat' dir='ltr'><strong>belm</strong></span> <span class='ocrx_word' id='word_1_288' title='bbox 359 1982 432 2025; x_wconf 76' lang='lat' dir='ltr'><strong>mie</strong></span> <span class='ocrx_word' id='word_1_289' title='bbox 452 1982 520 2035; x_wconf 70' lang='lat' dir='ltr'><strong>so?</strong></span> <span class='ocrx_word' id='word_1_290' title='bbox 557 1979 625 2021; x_wconf 83' lang='lat' dir='ltr'><strong>Ex</strong></span> <span class='ocrx_word' id='word_1_291' title='bbox 647 1980 727 2020; x_wconf 79' lang='lat' dir='ltr'><strong>hoc</strong></span> <span class='ocrx_word' id='word_1_292' title='bbox 748 1994 830 2021; x_wconf 90' lang='lat' dir='ltr'><strong>usu</strong></span> <span class='ocrx_word' id='word_1_293' title='bbox 863 1980 993 2021; x_wconf 77' lang='lat' dir='ltr'><strong>fluxit</strong></span> <span class='ocrx_word' id='word_1_294' title='bbox 1022 1978 1137 2021; x_wconf 85' lang='lat' dir='ltr'><strong>alius</strong></span> <span class='ocrx_word' id='word_1_295' title='bbox 1170 1977 1283 2019; x_wconf 86' lang='lat' dir='ltr'><strong>nihil</strong></span> <span class='ocrx_word' id='word_1_296' title='bbox 1312 1976 1369 2018; x_wconf 87' lang='lat' dir='ltr'><strong>ad</strong></span> <span class='ocrx_word' id='word_1_297' title='bbox 1398 1977 1512 2018; x_wconf 90' lang='lat' dir='ltr'><strong>hunc</strong></span> 
     </span>
     <span class='ocr_line' id='line_1_33' title="bbox 42 2032 1512 2094; baseline -0.002 -17"><span class='ocrx_word' id='word_1_298' title='bbox 42 2036 74 2079; x_wconf 84' lang='lat'><strong>1.</strong></span> <span class='ocrx_word' id='word_1_299' title='bbox 95 2035 346 2094; x_wconf 84' lang='lat' dir='ltr'><strong>pertinens,</strong></span> <span class='ocrx_word' id='word_1_300' title='bbox 388 2051 471 2092; x_wconf 90' lang='lat' dir='ltr'><strong>quo</strong></span> <span class='ocrx_word' id='word_1_301' title='bbox 493 2036 736 2094; x_wconf 82' lang='lat' dir='ltr'><strong>particulae</strong></span> <span class='ocrx_word' id='word_1_302' title='bbox 764 2034 808 2077; x_wconf 80' lang='grc' dir='ltr'><strong>τί</strong></span> <span class='ocrx_word' id='word_1_303' title='bbox 836 2032 940 2093; x_wconf 77' lang='grc' dir='ltr'><strong>γάρ;</strong></span> <span class='ocrx_word' id='word_1_304' title='bbox 980 2034 1310 2093; x_wconf 86' lang='lat' dir='ltr'><strong>praecedentem</strong></span> <span class='ocrx_word' id='word_1_305' title='bbox 1340 2034 1409 2075; x_wconf 77' lang='lat' dir='ltr'><strong>vel</strong></span> <span class='ocrx_word' id='word_1_306' title='bbox 1436 2047 1512 2075; x_wconf 85' lang='lat' dir='ltr'><strong>vo-</strong></span> 
     </span>
     <span class='ocr_line' id='line_1_34' title="bbox 44 2090 1515 2135; baseline -0.003 -1"><span class='ocrx_word' id='word_1_307' title='bbox 44 2107 134 2134; x_wconf 88' lang='lat' dir='ltr'><strong>cem</strong></span> <span class='ocrx_word' id='word_1_308' title='bbox 151 2094 222 2135; x_wconf 77' lang='lat' dir='ltr'><strong>vel</strong></span> <span class='ocrx_word' id='word_1_309' title='bbox 242 2093 502 2135; x_wconf 85' lang='lat' dir='ltr'><strong>sententiam</strong></span> <span class='ocrx_word' id='word_1_310' title='bbox 523 2093 699 2135; x_wconf 85' lang='lat' dir='ltr'><strong>fortiter</strong></span> <span class='ocrx_word' id='word_1_311' title='bbox 719 2093 938 2134; x_wconf 85' lang='lat' dir='ltr'><strong>affirmant</strong></span> <span class='ocrx_word' id='word_1_312' title='bbox 961 2098 1005 2134; x_wconf 84' lang='lat' dir='ltr'><strong>et</strong></span> <span class='ocrx_word' id='word_1_313' title='bbox 1034 2090 1256 2133; x_wconf 90' lang='lat' dir='ltr'><strong>commode</strong></span> <span class='ocrx_word' id='word_1_314' title='bbox 1283 2094 1515 2131; x_wconf 86' lang='lat' dir='ltr'><strong>vertuntur</strong></span> 
     </span>
     <span class='ocr_line' id='line_1_35' title="bbox 45 2146 1512 2207; baseline -0.003 -16"><span class='ocrx_word' id='word_1_315' title='bbox 45 2148 238 2206; x_wconf 72' lang='lat' dir='ltr'><strong>profecto</strong></span> <span class='ocrx_word' id='word_1_316' title='bbox 260 2154 321 2205; x_wconf 84' lang='lat' dir='ltr'><strong>(v.</strong></span> <span class='ocrx_word' id='word_1_317' title='bbox 340 2150 493 2193; x_wconf 78' lang='lat' dir='ltr'><strong>Herm.</strong></span> <span class='ocrx_word' id='word_1_318' title='bbox 528 2150 582 2191; x_wconf 89' lang='lat' dir='ltr'><strong>ad</strong></span> <span class='ocrx_word' id='word_1_319' title='bbox 613 2149 750 2207; x_wconf 89' lang='lat' dir='ltr'><strong>Soph.</strong></span> <span class='ocrx_word' id='word_1_320' title='bbox 782 2148 894 2193; x_wconf 84' lang='lat' dir='ltr'><strong>Oed.</strong></span> <span class='ocrx_word' id='word_1_321' title='bbox 929 2148 979 2192; x_wconf 86' lang='lat' dir='ltr'><strong>C.</strong></span> <span class='ocrx_word' id='word_1_322' title='bbox 1006 2163 1046 2192; x_wconf 67' lang='lat' dir='ltr'><strong>V.</strong></span> <span class='ocrx_word' id='word_1_323' title='bbox 1075 2148 1214 2202; x_wconf 67' lang='lat'><strong>542).</strong></span> <span class='ocrx_word' id='word_1_324' title='bbox 1272 2146 1512 2203; x_wconf 85' lang='lat' dir='ltr'><strong>Perperam</strong></span> 
     </span>
     <span class='ocr_line' id='line_1_36' title="bbox 47 2201 1521 2263; baseline -0.003 -16"><span class='ocrx_word' id='word_1_325' title='bbox 47 2204 184 2261; x_wconf 74' lang='lat' dir='ltr'><strong>Beny.</strong></span> <span class='ocrx_word' id='word_1_326' title='bbox 206 2211 250 2248; x_wconf 86' lang='lat' dir='ltr'><strong>et</strong></span> <span class='ocrx_word' id='word_1_327' title='bbox 266 2206 448 2250; x_wconf 78' lang='lat' dir='ltr'><strong>Lachm.</strong></span> <span class='ocrx_word' id='word_1_328' title='bbox 470 2206 807 2263; x_wconf 77' lang='lat' dir='ltr'><strong>interpungunt:</strong></span> <span class='ocrx_word' id='word_1_329' title='bbox 834 2204 878 2248; x_wconf 84' lang='grc' dir='ltr'><strong>τί</strong></span> <span class='ocrx_word' id='word_1_330' title='bbox 896 2203 977 2261; x_wconf 63' lang='grc' dir='ltr'><strong>γάρ</strong></span> <span class='ocrx_word' id='word_1_331' title='bbox 992 2237 1002 2254; x_wconf 90' lang='grc'>,</span> <span class='ocrx_word' id='word_1_332' title='bbox 1033 2201 1071 2246; x_wconf 71' lang='grc' dir='ltr'><em>εἶ</em></span> <span class='ocrx_word' id='word_1_333' title='bbox 1093 2201 1341 2260; x_wconf 75' lang='grc' dir='ltr'><em>ἠπίστησάν</em></span> <span class='ocrx_word' id='word_1_334' title='bbox 1374 2218 1521 2254; x_wconf 70' lang='grc' dir='ltr'><strong>τινες;4</strong></span> 
     </span>
     <span class='ocr_line' id='line_1_37' title="bbox 46 2259 1514 2319; baseline -0.003 -14"><span class='ocrx_word' id='word_1_335' title='bbox 46 2259 108 2317; x_wconf 79' lang='grc' dir='ltr'><strong>μὴ</strong></span> <span class='ocrx_word' id='word_1_336' title='bbox 127 2280 203 2313; x_wconf 83' lang='lat'>——‚·</span> <span class='ocrx_word' id='word_1_337' title='bbox 244 2263 343 2319; x_wconf 75' lang='lat' dir='ltr'><strong>quid</strong></span> <span class='ocrx_word' id='word_1_338' title='bbox 360 2264 526 2305; x_wconf 74' lang='lat' dir='ltr'><strong>enimsi</strong></span> <span class='ocrx_word' id='word_1_339' title='bbox 551 2263 741 2305; x_wconf 72' lang='lat' dir='ltr'><strong>nonnulli</strong></span> <span class='ocrx_word' id='word_1_340' title='bbox 768 2263 975 2305; x_wconf 74' lang='lat' dir='ltr'><strong>increduli</strong></span> <span class='ocrx_word' id='word_1_341' title='bbox 999 2261 1199 2319; x_wconf 78' lang='lat' dir='ltr'><strong>fuerunt,</strong></span> <span class='ocrx_word' id='word_1_342' title='bbox 1237 2260 1514 2301; x_wconf 69' lang='lat' dir='ltr'><strong>statuendam</strong></span> 
     </span>
     <span class='ocr_line' id='line_1_38' title="bbox 47 2312 1513 2377; baseline -0.002 -18"><span class='ocrx_word' id='word_1_343' title='bbox 47 2312 143 2361; x_wconf 71' lang='lat' dir='ltr'><strong>est?</strong></span> <span class='ocrx_word' id='word_1_344' title='bbox 169 2333 271 2360; x_wconf 76' lang='lat' dir='ltr'><strong>num</strong></span> <span class='ocrx_word' id='word_1_345' title='bbox 289 2314 373 2362; x_wconf 65' lang='lat'><strong>—2</strong></span> <span class='ocrx_word' id='word_1_346' title='bbox 402 2318 516 2361; x_wconf 89' lang='lat' dir='ltr'><strong>Nam</strong></span> <span class='ocrx_word' id='word_1_347' title='bbox 538 2334 804 2377; x_wconf 86' lang='lat' dir='ltr'><strong>superquam</strong></span> <span class='ocrx_word' id='word_1_348' title='bbox 827 2319 943 2375; x_wconf 85' lang='lat' dir='ltr'><strong>quod</strong></span> <span class='ocrx_word' id='word_1_349' title='bbox 963 2319 1069 2360; x_wconf 89' lang='lat' dir='ltr'><strong>haec</strong></span> <span class='ocrx_word' id='word_1_350' title='bbox 1092 2316 1387 2373; x_wconf 87' lang='lat' dir='ltr'><strong>interpunctio</strong></span> <span class='ocrx_word' id='word_1_351' title='bbox 1409 2329 1513 2357; x_wconf 86' lang='lat' dir='ltr'><strong>con-</strong></span> 
     </span>
     <span class='ocr_line' id='line_1_39' title="bbox 48 2369 1513 2427; baseline -0.003 -11"><span class='ocrx_word' id='word_1_352' title='bbox 48 2379 165 2416; x_wconf 82' lang='lat' dir='ltr'><strong>torta</strong></span> <span class='ocrx_word' id='word_1_353' title='bbox 189 2379 258 2416; x_wconf 85' lang='lat' dir='ltr'><strong>est</strong></span> <span class='ocrx_word' id='word_1_354' title='bbox 277 2378 320 2417; x_wconf 88' lang='lat' dir='ltr'><strong>et</strong></span> <span class='ocrx_word' id='word_1_355' title='bbox 338 2377 650 2418; x_wconf 88' lang='lat' dir='ltr'><strong>sententiarum</strong></span> <span class='ocrx_word' id='word_1_356' title='bbox 671 2375 868 2418; x_wconf 88' lang='lat' dir='ltr'><strong>ordinem</strong></span> <span class='ocrx_word' id='word_1_357' title='bbox 892 2375 1147 2426; x_wconf 81' lang='lat' dir='ltr'><strong>conturbat,</strong></span> <span class='ocrx_word' id='word_1_358' title='bbox 1181 2387 1308 2414; x_wconf 72' lang='lat' dir='ltr'><strong>voces</strong></span> <span class='ocrx_word' id='word_1_359' title='bbox 1334 2369 1379 2413; x_wconf 81' lang='grc' dir='ltr'><strong>τί</strong></span> <span class='ocrx_word' id='word_1_360' title='bbox 1406 2369 1513 2427; x_wconf 69' lang='lat'><strong>7029,-</strong></span> 
     </span>
     <span class='ocr_line' id='line_1_40' title="bbox 50 2428 1516 2490; baseline 0 -19"><span class='ocrx_word' id='word_1_361' title='bbox 50 2430 252 2489; x_wconf 85' lang='lat' dir='ltr'><strong>suijuris</strong></span> <span class='ocrx_word' id='word_1_362' title='bbox 282 2445 378 2473; x_wconf 87' lang='lat' dir='ltr'><strong>esse</strong></span> <span class='ocrx_word' id='word_1_363' title='bbox 410 2439 607 2490; x_wconf 87' lang='lat' dir='ltr'><strong>apparet.</strong></span> <span class='ocrx_word' id='word_1_364' title='bbox 665 2433 737 2475; x_wconf 87' lang='lat' dir='ltr'><strong>De</strong></span> <span class='ocrx_word' id='word_1_365' title='bbox 764 2431 981 2474; x_wconf 68' lang='lat' dir='ltr'><strong>industria</strong></span> <span class='ocrx_word' id='word_1_366' title='bbox 1013 2431 1066 2475; x_wconf 89' lang='lat' dir='ltr'><strong>P.</strong></span> <span class='ocrx_word' id='word_1_367' title='bbox 1095 2428 1209 2478; x_wconf 80' lang='grc' dir='ltr'><em>τινές</em></span> <span class='ocrx_word' id='word_1_368' title='bbox 1234 2429 1310 2484; x_wconf 76' lang='lat' dir='ltr'><strong>(cf.</strong></span> <span class='ocrx_word' id='word_1_369' title='bbox 1339 2429 1407 2481; x_wconf 89' lang='lat' dir='ltr'><strong>ll,</strong></span> <span class='ocrx_word' id='word_1_370' title='bbox 1421 2429 1516 2483; x_wconf 89' lang='lat'><strong>17.)</strong></span> 
     </span>
     <span class='ocr_line' id='line_1_41' title="bbox 49 2485 1576 2546; baseline -0.003 -17"><span class='ocrx_word' id='word_1_371' title='bbox 49 2488 254 2544; x_wconf 84' lang='lat' dir='ltr'><strong>scripsit,</strong></span> <span class='ocrx_word' id='word_1_372' title='bbox 291 2502 423 2544; x_wconf 90' lang='lat' dir='ltr'><strong>quum</strong></span> <span class='ocrx_word' id='word_1_373' title='bbox 445 2489 587 2532; x_wconf 86' lang='lat' dir='ltr'><strong>dicere</strong></span> <span class='ocrx_word' id='word_1_374' title='bbox 611 2490 830 2546; x_wconf 82' lang='lat' dir='ltr'><strong>potuisset</strong></span> <span class='ocrx_word' id='word_1_375' title='bbox 851 2487 1036 2543; x_wconf 71' lang='grc' dir='ltr'><strong>πολλσί,</strong></span> <span class='ocrx_word' id='word_1_376' title='bbox 1078 2500 1162 2543; x_wconf 84' lang='lat' dir='ltr'><strong>quo</strong></span> <span class='ocrx_word' id='word_1_377' title='bbox 1192 2485 1348 2527; x_wconf 86' lang='lat' dir='ltr'><strong>melius</strong></span> <span class='ocrx_word' id='word_1_378' title='bbox 1373 2486 1514 2527; x_wconf 87' lang='lat' dir='ltr'><strong>lector</strong></span> <span class='ocrx_word' id='word_1_379' title='bbox 1572 2521 1576 2525; x_wconf 78' lang='grc'><strong><em>,</em></strong></span> 
     </span>
     <span class='ocr_line' id='line_1_42' title="bbox 50 2542 1514 2603; baseline -0.002 -17"><span class='ocrx_word' id='word_1_380' title='bbox 50 2544 334 2603; x_wconf 82' lang='lat' dir='ltr'><strong>objectionis,</strong></span> <span class='ocrx_word' id='word_1_381' title='bbox 383 2560 509 2600; x_wconf 89' lang='lat' dir='ltr'><strong>quam</strong></span> <span class='ocrx_word' id='word_1_382' title='bbox 545 2546 845 2588; x_wconf 84' lang='lat' dir='ltr'><strong>infirmandam</strong></span> <span class='ocrx_word' id='word_1_383' title='bbox 882 2545 967 2586; x_wconf 80' lang='lat' dir='ltr'><strong>sihi</strong></span> <span class='ocrx_word' id='word_1_384' title='bbox 1006 2548 1246 2596; x_wconf 85' lang='lat' dir='ltr'><strong>sumserat,</strong></span> <span class='ocrx_word' id='word_1_385' title='bbox 1288 2542 1514 2585; x_wconf 88' lang='lat' dir='ltr'><strong>levitatem</strong></span> 
     </span>
     <span class='ocr_line' id='line_1_43' title="bbox 51 2598 1514 2658; baseline -0.002 -15"><span class='ocrx_word' id='word_1_386' title='bbox 51 2603 252 2645; x_wconf 87' lang='lat' dir='ltr'><strong>sentiret.</strong></span> <span class='ocrx_word' id='word_1_387' title='bbox 329 2600 546 2656; x_wconf 85' lang='lat' dir='ltr'><strong>Primum,</strong></span> <span class='ocrx_word' id='word_1_388' title='bbox 598 2603 764 2658; x_wconf 88' lang='lat' dir='ltr'><strong>inquit,</strong></span> <span class='ocrx_word' id='word_1_389' title='bbox 808 2601 1073 2645; x_wconf 75' lang='lat' dir='ltr'><strong>Iudaeorum</strong></span> <span class='ocrx_word' id='word_1_390' title='bbox 1107 2604 1403 2641; x_wconf 87' lang='lat' dir='ltr'><strong>ornamentum</strong></span> <span class='ocrx_word' id='word_1_391' title='bbox 1431 2598 1514 2640; x_wconf 80' lang='lat' dir='ltr'><strong>hoc</strong></span> 
     </span>
     <span class='ocr_line' id='line_1_44' title="bbox 51 2653 1514 2745; baseline -0.003 -45"><span class='ocrx_word' id='word_1_392' title='bbox 51 2663 144 2711; x_wconf 80' lang='lat' dir='ltr'><strong>est,</strong></span> <span class='ocrx_word' id='word_1_393' title='bbox 175 2657 291 2745; x_wconf 54' lang='lat' dir='ltr'><strong>guod</strong></span> <span class='ocrx_word' id='word_1_394' title='bbox 312 2658 369 2700; x_wconf 89' lang='lat' dir='ltr'><strong>iis</strong></span> <span class='ocrx_word' id='word_1_395' title='bbox 387 2657 473 2701; x_wconf 76' lang='lat' dir='ltr'><strong>div.</strong></span> <span class='ocrx_word' id='word_1_396' title='bbox 491 2658 543 2700; x_wconf 90' lang='lat' dir='ltr'><strong>de</strong></span> <span class='ocrx_word' id='word_1_397' title='bbox 562 2658 729 2701; x_wconf 65' lang='lat' dir='ltr'><strong>Massia</strong></span> <span class='ocrx_word' id='word_1_398' title='bbox 751 2659 926 2700; x_wconf 89' lang='lat' dir='ltr'><strong>oracula</strong></span> <span class='ocrx_word' id='word_1_399' title='bbox 946 2655 1193 2698; x_wconf 81' lang='lat' dir='ltr'><strong>concredita</strong></span> <span class='ocrx_word' id='word_1_400' title='bbox 1215 2659 1332 2700; x_wconf 82' lang='lat' dir='ltr'><strong>sunt.</strong></span> <span class='ocrx_word' id='word_1_401' title='bbox 1393 2653 1514 2710; x_wconf 74' lang='lat' dir='ltr'><strong>Quid</strong></span> 
     </span>
     <span class='ocr_line' id='line_1_45' title="bbox 52 2712 1513 2768; baseline -0.003 -11"><span class='ocrx_word' id='word_1_402' title='bbox 52 2715 165 2757; x_wconf 89' lang='lat' dir='ltr'><strong>enim</strong></span> <span class='ocrx_word' id='word_1_403' title='bbox 182 2748 192 2758; x_wconf 89' lang='lat'><strong>.</strong></span> <span class='ocrx_word' id='word_1_404' title='bbox 241 2714 290 2757; x_wconf 89' lang='lat' dir='ltr'><strong>Si</strong></span> <span class='ocrx_word' id='word_1_405' title='bbox 320 2729 468 2757; x_wconf 90' lang='lat' dir='ltr'><strong>corum</strong></span> <span class='ocrx_word' id='word_1_406' title='bbox 496 2729 600 2756; x_wconf 76' lang='lat' dir='ltr'><strong>nnus</strong></span> <span class='ocrx_word' id='word_1_407' title='bbox 631 2720 673 2757; x_wconf 80' lang='lat' dir='ltr'><strong>ct</strong></span> <span class='ocrx_word' id='word_1_408' title='bbox 700 2715 812 2756; x_wconf 72' lang='lat' dir='ltr'><strong>alter</strong></span> <span class='ocrx_word' id='word_1_409' title='bbox 840 2714 929 2756; x_wconf 90' lang='lat' dir='ltr'><strong>Dei</strong></span> <span class='ocrx_word' id='word_1_410' title='bbox 956 2713 1147 2754; x_wconf 87' lang='lat' dir='ltr'><strong>oraculis</strong></span> <span class='ocrx_word' id='word_1_411' title='bbox 1175 2714 1329 2768; x_wconf 88' lang='lat' dir='ltr'><strong>(quum</strong></span> <span class='ocrx_word' id='word_1_412' title='bbox 1359 2712 1513 2756; x_wconf 85' lang='lat' dir='ltr'><strong>Jesum</strong></span> 
     </span>
     <span class='ocr_line' id='line_1_46' title="bbox 51 2767 1513 2828; baseline -0.003 -15"><span class='ocrx_word' id='word_1_413' title='bbox 51 2770 261 2814; x_wconf 88' lang='lat' dir='ltr'><strong>Messiam</strong></span> <span class='ocrx_word' id='word_1_414' title='bbox 283 2772 340 2813; x_wconf 86' lang='lat' dir='ltr'><strong>iis</strong></span> <span class='ocrx_word' id='word_1_415' title='bbox 360 2771 761 2828; x_wconf 82' lang='lat' dir='ltr'><strong>praesignificatum</strong></span> <span class='ocrx_word' id='word_1_416' title='bbox 783 2769 1085 2828; x_wconf 86' lang='lat' dir='ltr'><strong>repudiarent)</strong></span> <span class='ocrx_word' id='word_1_417' title='bbox 1105 2770 1270 2811; x_wconf 83' lang='lat' dir='ltr'><strong>nullam</strong></span> <span class='ocrx_word' id='word_1_418' title='bbox 1291 2767 1513 2810; x_wconf 84' lang='lat' dir='ltr'><strong>fidemtri-</strong></span> 
     </span>
     <span class='ocr_line' id='line_1_47' title="bbox 52 2824 1514 2885; baseline -0.003 -15"><span class='ocrx_word' id='word_1_419' title='bbox 52 2827 264 2882; x_wconf 88' lang='lat' dir='ltr'><strong>huerunt,</strong></span> <span class='ocrx_word' id='word_1_420' title='bbox 296 2843 397 2871; x_wconf 85' lang='lat' dir='ltr'><strong>num</strong></span> <span class='ocrx_word' id='word_1_421' title='bbox 417 2842 568 2870; x_wconf 89' lang='lat' dir='ltr'><strong>eorum</strong></span> <span class='ocrx_word' id='word_1_422' title='bbox 584 2827 876 2885; x_wconf 86' lang='lat' dir='ltr'><strong>perversitas,</strong></span> <span class='ocrx_word' id='word_1_423' title='bbox 907 2827 990 2883; x_wconf 73' lang='lat' dir='ltr'><strong>qua</strong></span> <span class='ocrx_word' id='word_1_424' title='bbox 1011 2826 1139 2869; x_wconf 83' lang='lat' dir='ltr'><strong>fidem</strong></span> <span class='ocrx_word' id='word_1_425' title='bbox 1163 2825 1354 2868; x_wconf 80' lang='lat' dir='ltr'><strong>oraculis</strong></span> <span class='ocrx_word' id='word_1_426' title='bbox 1383 2824 1514 2885; x_wconf 85' lang='lat' dir='ltr'><strong>dene-</strong></span> 
     </span>
    </p>
   </div>
  </div>
 </body>
</html>
