1752 3347
556 156 1138 205 PROLEGOMENA.
1485 172 1590 203 xxix

161 266 339 302 voluntati
357 274 461 302 nemo
480 266 657 302 obsistere
675 269 790 310 possit
805 271 841 308 9,
863 271 931 302 19..
978 269 1070 302 Nam
1092 270 1128 301 et
1153 268 1402 302 inverecunda
1418 268 1505 301 haec
1524 268 1591 302 ob-

156 312 273 357 jectio
292 318 351 348 est
366 318 402 354 9,
419 316 476 348 20
495 316 550 348 21.
560 338 571 356 ,
603 318 639 348 et
660 316 801 357 iniqua,
835 316 919 357 quia
938 317 1060 359 Deus,
1090 315 1256 357 quamvis
1274 321 1377 347 suam
1404 317 1440 347 et
1464 315 1499 346 in
1521 325 1589 355 pu-

159 361 292 394 niendo
319 362 556 394 severitatem
587 367 623 394 et
652 363 689 396 iu
717 362 856 395 beando
886 362 1154 395 beneficentiam
1178 362 1370 396 ostendere
1399 361 1590 401 voluisset,

160 409 283 440 tamen
301 416 436 448 pravos
455 407 610 440 homines
632 417 759 448 magna
775 417 853 441 cum
872 404 1045 450 patienti&
1067 409 1150 442 tulit
1169 411 1204 449 9,
1223 411 1277 442 22.
1289 417 1379 448 sqq..
1427 409 1519 451 sed,
1542 417 1589 440 ne

139 474 144 478 -
162 454 249 495 quid
267 455 507 508 dissimulem,
532 455 592 495 qui
609 455 743 488 Judaei
761 456 894 488 nullum
916 465 958 487 ex
975 456 1040 487 Dei
1060 449 1297 487 munificentia
1325 455 1481 486 {ructum
1501 463 1589 494 per-

161 503 354 542 ceperunt,
377 509 441 532 sun
458 500 619 540 ipsorum
637 496 739 541 culpa
754 502 821 534 Dei
837 511 879 540 gr
883 503 940 534 ati
945 515 952 533 ι
971 503 1192 534 exciderunt.
1240 500 1324 534 Suis
1340 501 1433 532 enim
1449 500 1590 533 meritis

161 549 299 579 temere
321 546 447 579 confisi
465 547 539 579 div.
564 547 703 580 favoris
727 556 791 586 per
816 548 922 580 fidem
947 549 982 582 in
1006 549 1148 581 Christo
1170 547 1419 581 collocandam
1440 554 1590 587 compa-

159 593 268 626 randi
285 592 424 633 legem,
456 594 532 625 tum
551 593 706 625 Judaeis
723 595 797 625 tum
816 595 968 633 pa„anis
986 595 1082 626 illam
1102 596 1224 627 datam
1238 593 1506 626 inconsideiate
1526 602 1590 626 re-

158 638 358 680 pudiarunt
376 642 411 680 9,
429 639 486 671 30.
494 640 604 680 -10,
623 641 693 671 21.
738 641 836 680 Ergo
855 641 954 672 Deus
973 641 1223 673 Israelitarum
1241 642 1405 683 gentem,
1438 638 1590 672 deficias

160 685 339 737 quondam
367 693 480 723 suas,
511 681 664 725 abjecit,
697 685 874 724 quispiam
901 686 1043 718 dixerit.
1100 688 1253 720 Meliora
1276 686 1411 727 verba,
1439 693 1590 726 quaeso.

158 731 253 765 Nam
271 730 425 771 primum
453 730 596 772 quidem
620 731 780 763 nonnulli
796 732 930 764 sudaei
953 733 1028 764 Deo
1047 732 1233 773 obsequuii
1254 733 1300 766 ad
1319 732 1454 766 Christi
1480 740 1592 766 sacra

159 777 407 818 transierunt,
442 784 658 820 quamquam
682 777 844 818 plerique
871 779 987 809 adhuc
1005 778 1073 810 Dei
1098 779 1246 811 consilio
1275 780 1509 820 refragantur
1531 781 1591 818 11,

160 825 331 857 1.—10..
376 824 514 856 Deinde
531 824 638 856 etiam
655 826 765 864 atque
784 824 892 856 etiam
909 824 1208 856 considerandum
1227 827 1299 862 est,
1320 826 1457 867 Deum,
1481 834 1591 866 quum

159 877 288 903 omnes
305 870 464 902 homines
484 878 550 910 per
561 870 742 903 Christum
761 871 871 903 beare
888 871 1128 914 decrevisset,
1146 875 1230 902 rem·
1242 872 1296 903 sic
1309 871 1525 912 instituisse,
1549 873 1590 904 ut

159 926 229 959 per
246 917 471 949 Judaeorum
490 917 753 949 continuaciam
777 916 951 948 salutaris
975 917 1111 950 Christi
1132 917 1296 949 doctrina
1317 918 1468 949 ethnicis
1490 918 1591 951 tradi

159 1017 335 1052 ganorum
346 1010 547 1050 exemplum
562 1010 733 1042 aemulati
743 1008 878 1041 Christi
891 1010 1115 1049 disciplinam
1123 1010 1349 1049 susciperent
1359 1011 1415 1049 11,
1429 1012 1591 1044 11—32..

160 1057 264 1089 Haec
279 1056 359 1097 lege
385 1058 422 1088 et
448 1055 632 1088 admirare
656 1055 785 1087 summi
803 1056 960 1087 numinis
986 1056 1203 1096 sapientiam
1227 1057 1392 1088 humanis
1411 1058 1591 1090 mentibus

157 1111 230 1136 non
255 1104 469 1144 perceptam
488 1104 542 1144 11,
559 1105 750 1135 33.-36..
799 1101 883 1142 [Hie
911 1111 1050 1143 quoque
1074 1103 1176 1134 locus
1201 1103 1380 1135 neminem
1406 1111 1478 1134 non
1502 1113 1592 1143 per-

160 1150 294 1181 cellere
310 1149 438 1190 potuit,
463 1148 521 1189 qui
539 1157 702 1189 quaeres
720 1149 892 1181 sollicitos
913 1154 986 1181 ium
1002 1149 1139 1181 animos
1157 1149 1310 1181 habebat
1329 1149 1591 1189 permultorum

161 1195 388 1228 Judaeorum
412 1195 674 1227 contumaciam
701 1196 811 1227 saluti
834 1195 948 1227 fuisse
977 1195 1114 1227 exteris
1140 1203 1253 1235 eoque
1283 1196 1495 1227 moderante
1514 1197 1591 1228 Deo

162 1241 356 1282 aliquando
375 1241 572 1273 valituram
597 1241 825 1282 ostenderet,
861 1246 901 1272 ut
923 1250 1047 1273 omnes
1071 1241 1229 1273 homiues
1254 1250 1320 1282 per
1340 1241 1523 1274 Christum
1548 1252 1590 1276 se

161 1287 265 1320 beari
288 1287 471 1325 sinerent;
507 1283 682 1328 judaicae
707 1287 849 1327 quidem
872 1287 998 1326 stirpis
1022 1287 1248 1321 Christianos
1273 1289 1591 1321 vehementissime

159 1341 311 1367 movere
327 1334 469 1372 debuit,
503 1341 652 1374 quorum
669 1334 770 1365 multi
787 1330 870 1374 jud.
891 1336 1036 1374 gentem
1054 1336 1090 1365 et
1107 1335 1332 1366 Judaeorum
1350 1331 1441 1376 jura
1459 1335 1591 1368 etiam-

160 1388 248 1413 num
266 1379 440 1411 admirari
457 1379 553 1410 soliti
572 1382 608 1410 et
624 1380 849 1411 ‚ludaeorum
871 1381 987 1411 vicem
1006 1380 1101 1411 haud
1121 1381 1224 1411 dubie
1242 1381 1405 1412 dolerent
1424 1387 1460 1413 et
1476 1389 1591 1422 ange-

159 1428 303 1465 rentur,
328 1426 422 1466 quod
441 1426 606 1457 dilectam
616 1427 692 1457 Deo
709 1428 852 1466 gentem
871 1425 1032 1464 disparia
1045 1423 1124 1466 jam
1144 1426 1265 1458 studia
1284 1428 1430 1468 sequiet
1446 1427 1481 1458 in
1499 1428 1591 1460 duas

158 1474 288 1514 partes
310 1471 526 1504 discessisse
544 1471 751 1510 viderent.].
799 1472 902 1503 Nunc
919 1472 958 1503 P.
977 1473 1180 1513 Romanos,
1211 1475 1250 1503 ut
1268 1474 1314 1505 ad
1335 1473 1589 1506 sanctissimae

161 1566 343 1598 dedecora
369 1565 532 1596 hortatur
560 1565 615 1605 12,
637 1566 669 1597 1.
691 1572 758 1604 sq..
807 1565 928 1602 Quare
954 1572 1063 1604 quum
1087 1564 1161 1596 alia
1187 1573 1250 1596 eos
1279 1572 1419 1604 monet,
1452 1568 1526 1598 tum
1549 1569 1591 1599 ut

160 1611 436 1653 magistratibus
452 1609 619 1642 obediant
644 1619 678 1642 c.
699 1611 754 1642 13.
769 1632 779 1651 ,
811 1610 917 1642 alteri
935 1610 1129 1642 alterorum
1154 1611 1338 1650 opiniones
1363 1615 1399 1644 et
1421 1611 1591 1645 instituta

162 1663 329 1690 amanter
347 1657 470 1690 ferant
489 1655 546 1696 14,
566 1656 704 1699 1-«15,
722 1658 776 1689 16.
806 1658 843 1688 et
862 1657 1004 1689 rixosos
1022 1656 1182 1688 homines
1200 1660 1358 1690 caveant
1370 1661 1427 1697 16,
1440 1660 1590 1693 17-20.

161 1705 336 1745 postulat.
384 1705 439 1736 Ac
461 1679 634 1735 noniiulla
660 1704 705 1735 de
731 1703 809 1734 suis
834 1704 943 1735 rebus
967 1704 1158 1744 praefatus
1188 1704 1590 1747 15,17.—33.Phoe-

162 1751 232 1782 ben
246 1750 472 1782 commendat
490 1751 547 1789 16,
568 1751 599 1782 1.
617 1751 649 1781 2.
677 1751 866 1790 saluteque
883 1750 927 1781 ah
946 1758 987 1781 se
1006 1752 1042 1781 et
1060 1749 1247 1782 comitibus
1267 1745 1365 1782 dicta
1379 1751 1479 1784 bonis
1495 1752 1590 1785 votis

162 1798 202 1830 et
216 1795 284 1829 Dei
299 1796 506 1828 laudatione
524 1796 715 1837 epistolam
738 1796 917 1828 concludit
934 1798 990 1836 16,
1009 1799 1030 1828 3
1044 1812 1085 1818 —
1097 1797 1152 1828 16.
1180 1798 1221 1829 21
1236 1799 1360 1831 —27..

227 1840 353 1881 Recte
371 1840 492 1892 igitur
511 1841 619 1880 hauc
639 1840 884 1891 epistolam'
874 1855 916 1880 ιιι
935 1843 1035 1880 duas
1058 1847 1198 1891 partes
1221 1842 1458 1892 distribuas,
1487 1854 1590 1894 qua-

116 1911 206 1939 rum
227 1898 396 1938 alteram
425 1910 451 1937 a
468 1899 692 1951 primario
721 1898 1007 1949 disputationis
1035 1906 1269 1949 argumento
1291 1900 1589 1950 dogmaticam

116 1956 303 2010 appelles
323 1968 360 1998 c.
386 1956 476 1996 1-
489 1956 583 2008 ll.‚
614 1955 785 1996 alteram
806 1958 1146 2009 paraeneticum
1166 1969 1200 1997 c.
1221 1957 1356 1998 12—
1369 1956 1457 1999 16..

161 2155 262 2196 QUA
299 2155 364 2188 RE
405 2154 729 2189 PROVOCATUS
771 2103 855 2189 ΕΤγ
875 2156 972 2195 QUO
1011 2153 1199 2188 DUCTUS
1235 2135 1465 2190 'CONSILIO
1497 2157 1539 2189 P.

338 2213 547 2245 LITERAS
571 2214 784 2247 ROMANIS
808 2214 1026 2257 MISERIT,
1066 2214 1360 2253 QUAERITUR.

230 2275 344 2325 Quae
364 2290 431 2317 res
449 2276 620 2317 Paulum
643 2291 765 2329 saepe
794 2278 1042 2329 stimulavit,
1076 2278 1203 2330 utqui
1232 2284 1462 2318 exterorum
1479 2285 1586 2320 esset

114 2331 338 2384 Apostolus
355 2335 592 2376 constitutus
614 2336 684 2385 15,
708 2336 776 2376 16.
813 2335 1019 2375 Romanos
1041 2348 1109 2375 ore
1131 2348 1305 2386 voceque
1325 2335 1528 2377 instituere
1547 2345 1585 2378 et

118 2403 366 2430 commonere
385 2398 567 2443 cuperet,
596 2392 734 2443 urbis,
765 2405 868 2444 qnae
893 2393 1003 2432 orbis
1027 2398 1226 2431 teriarum
1244 2392 1316 2431 lux
1338 2400 1466 2444 esset,
1496 2407 1583 2434 am-

117 2446 273 2499 plitudo
306 2452 344 2486 et
369 2447 664 2499 magnificentia
694 2424 782 2489 A’ct.
804 2450 869 2501 19,
893 2450 964 2490 21.
1003 2448 1122 2490 Ροιιι.
1145 2450 1185 2499 1,
1209 2448 1280 2490 10.
1299 2462 1360 2501 sq.
1399 2451 1467 2501 15,
1488 2452 1582 2504 23„

118 2505 257 2544 eadem
285 2509 326 2542 ut
352 2502 551 2544 Romanis
584 2504 800 2557 epistolam
827 2506 1021 2546 sciiberet
1049 2519 1138 2545 eum
1165 2505 1288 2545 movit
1312 2507 1582 2558 potissimum.

116 2562 225 2603 Nam
247 2562 352 2612 quod
380 2560 553 2601 officium
569 2560 766 2603 Romanis
791 2576 840 2613 pi
843 2576 986 2603 aesens
1014 2568 1219 2613 praestare
1248 2569 1368 2605 antea
1394 2578 1476 2605 non
1507 2580 1582 2618 po-

115 2617 286 2670 tuisset,
327 2623 369 2657 ut
400 2631 538 2657 eolum
567 2619 714 2659 animis
747 2620 873 2658 robm
902 2621 1085 2670 adderet,
1124 2619 1165 2659 id
1197 2633 1239 2660 se
1271 2622 1479 2662 absentem
1509 2637 1581 2674 pei

115 2675 257 2716 literas
277 2676 440 2726 exsequi
458 2675 545 2726 ipse
565 2675 861 2726 adsignificavit
882 2675 1074 2727 1,10.sq.
1104 2675 1156 2718 cl.
1178 2677 1322 2727 1,5.6.
1338 2679 1405 2729 15,
1420 2679 1488 2721 14.
1502 2694 1579 2731 sq..

115 2733 228 2773 Adde
249 2734 352 2783 quod
380 2732 531 2772 amicos
551 2738 633 2771 tum
650 2733 803 2772 Romae
831 2733 973 2772 habuit
993 2733 1224 2773 auctoritate
1254 2741 1291 2774 et
1307 2736 1461 2777 meritis
1478 2750 1578 2776 cou-

118 2789 280 2842 spicuos
305 2802 342 2831 c.
363 2790 431 2831 16.
420 2820 454 2840 .‚
493 2802 519 2829 a
539 2788 683 2840 quibus
713 2791 760 2829 de
780 2796 914 2829 coetus
941 2804 1044 2832 rom.
1073 2796 1180 2830 statu
1198 2789 1258 2831 ita
1279 2793 1425 2833 certior
1444 2794 1577 2833 factus

117 2853 201 2900 est,
240 2852 280 2886 ut
299 2846 513 2899 epistolam
532 2845 848 2888 homanorum·
837 2847 1008 2901 ingeniis
1029 2854 1065 2888 et
1085 2849 1396 2891 necessitatibus
1416 2863 1577 2891 aecem-
