1752 3347
481 164 575 210 CA
589 162 642 210 P.
676 165 735 210 V.
781 164 875 211 Vs.
908 165 1156 212 15.·—1⁷..·
1461 166 1548 210 323

75 268 155 314 ἐπὶ
179 270 256 314 τὸν
276 267 591 329 ἁμαρτήσαντα
611 277 743 330 atque
774 271 884 315 adeo
917 272 1004 326 illo]
1026 272 1107 315 hoc
1130 272 1275 315 minus
1302 286 1402 316 esse
1428 271 1547 317 arbi-

74 331 194 370 tratu
220 343 300 371 suo
319 329 521 373 Schottus
541 331 699 373 sumsit
720 330 797 386 (cs.
825 331 995 387 supra).
1035 357 1051 374 ν,

189 384 250 430 V.
273 385 491 430 15.-17.
522 385 763 444 Postquam
788 385 841 431 P.
865 401 1050 443 quanam
1071 400 1121 428 re
1140 385 1343 429 Adamus
1365 390 1409 429 et
1420 387 1548 431 Chri-

74 445 172 484 stus
192 440 282 486 div.
305 442 509 484 instituto
529 443 647 486 inter
666 459 714 486 se
733 448 1025 497 congruerent
1047 457 1087 488 v.
1112 444 1181 487 12.
1195 444 1330 487 —14.
1349 443 1417 486 dis
1451 449 1547 487 uta-

72 499 166 551 vit,
192 499 378 539 multum
407 497 586 541 differre
617 514 708 541 rem
737 513 816 555 per
835 499 1060 542 Christum
1094 500 1289 542 effectam
1318 515 1341 541 a
1370 516 1416 542 ca
1441 501 1550 543 ami-

72 559 167 597 tate
197 568 277 612 per
297 553 517 595 Adamum
548 555 726 611 accept-‘i
759 554 987 598 admodum
1011 556 1238 598 subtiliter
1265 554 1392 598 docet
1418 571 1460 600 v.
1479 559 1549 603 15.

72 611 226 653 -17..
283 608 399 651 Nam
418 610 609 668 primum
632 609 806 666 quidem
830 612 966 653 multo
987 611 1220 653 certiorem
1243 626 1341 654 esse
1360 613 1549 656 salutem

74 681 156 726 per
177 665 402 710 Christum
436 666 565 708 nobis
592 667 773 717 allatam
799 668 915 709 noxa
944 683 1024 726 per
1044 667 1266 710 Adamum
1292 668 1549 726 importata,

73 727 122 766 et
145 722 244 791 ipsa
275 722 389 764 nulli
416 721 685 766 dubitationi
715 723 931 774 obnoxia,
971 726 1174 780 quoniam
1197 725 1326 768 Deus
1352 739 1434 792 pro
1466 727 1548 768 sua

72 779 348 836 benignitate
367 778 567 823 homines
588 780 720 823 beare
739 795 867 838 quam
886 780 1084 835 affligere
1104 782 1242 824 multo
1264 783 1390 825 malit
1401 786 1548 826 osten-

73 835 142 879 dit
160 851 202 881 ν.
223 836 311 880 15..
368 836 544 880 Deinde
561 838 844 895 pestilentem
865 837 1094 880 exstitisse
1121 853 1256 881 unum
1285 854 1417 896 quum
1447 854 1549 907 pec-

73 897 224 937 casset
243 892 492 948 Adamum,
517 900 670 937 contra
694 893 918 938 Christum
947 909 1027 952 per
1046 895 1182 937 multa
1212 895 1268 937 ab
1296 896 1549 939 homimhus

74 954 333 1009 perpetrata
356 955 534 1009 peccata
553 952 670 994 vitae
688 952 984 1010 sempiternae
1000 956 1224 994 auctorem
1258 954 1454 997 evasisse
1484 954 1550 997 as-

75 1009 224 1050 firmat
240 1022 282 1053 v.
306 1009 395 1052 16..
453 1008 584 1065 Quod
602 1013 720 1051 recte
742 1008 796 1051 de
817 1008 997 1053 Christo
1022 1008 1109 1051 diei
1127 1023 1259 1052 versu
1282 1012 1351 1054 17.
1373 1009 1553 1053 demon-

78 1069 211 1109 strat.
240 1089 297 1097 —
355 1064 447 1121 Qui
478 1066 650 1121 singula
682 1065 813 1126 hujus
839 1066 873 1110 l.
896 1081 938 1111 v,
968 1065 1207 1122 diligenter
1233 1068 1552 1111 examinaverit

75 1119 132 1166 P.
161 1136 340 1165 acumen
373 1121 617 1165 admiretur
644 1137 880 1180 eorumque
906 1123 1197 1182 interpretum
1225 1126 1296 1167 vel
1322 1125 1550 1168 levitatem

75 1179 146 1222 vel
169 1177 448 1233 tarditatem,
479 1180 555 1238 qui
578 1177 671 1238 A'p.
700 1195 853 1239 parum
884 1179 1092 1223 distincte
1116 1181 1375 1239 disputasse
1402 1181 1552 1240 perhi-

74 1235 290 1289 buerunt,
319 1236 491 1279 incuset
510 1251 688 1280 necesse
707 1242 792 1281 est.
851 1236 926 1280 Sic
947 1237 1105 1280 Morus
1136 1253 1181 1296 p.
1202 1239 1274 1283 62.
1314 1237 1423 1292 „De
1454 1239 1551 1292 hac,

74 1292 246 1349 inquit,
278 1293 416 1349 [inter
432 1292 655 1337 Adamum
677 1298 721 1336 et
742 1293 988 1351 Christum]
1019 1293 1385 1338 dissimilitudine
1405 1296 1554 1351 agitur

72 1349 165 1408 jam
193 1364 272 1406 per
302 1351 495 1407 quinque
524 1365 616 1395 VSS.
644 1351 731 1404 ita,
762 1357 812 1393 ut
830 1351 1048 1407 quinquies
1072 1352 1184 1394 idem
1202 1352 1311 1395 illud
1327 1357 1553 1407 repetatur

77 1406 262 1449 variatis
283 1406 457 1463 quidem
477 1408 641 1460 verbis,
672 1412 718 1449 at
737 1422 784 1449 rc
809 1411 1010 1449 manente
1033 1423 1207 1465 semper
1226 1408 1424 1463 eadem.''
1453 1408 1552 1450 Nu-

76 1477 159 1521 per
187 1467 333 1505 autem
360 1464 519 1507 Rueck.
551 1479 596 1521 p.
615 1464 718 1508 225.
747 1463 959 1516 Paulum,
1006 1463 1122 1520 quod
1149 1465 1392 1507 sententias
1418 1479 1553 1521 expo-

76 1519 245 1562 nendas
264 1520 405 1575 magis
432 1521 652 1562 sensisset
677 1535 806 1576 quam
837 1521 980 1561 animo
1009 1521 1269 1563 informatas
1297 1522 1554 1578 perspexis-

78 1581 173 1630 set,
210 1590 345 1618 unum
382 1574 588 1632 idemque
627 1576 816 1618 concisis
844 1580 889 1617 et
919 1575 1121 1618 obscuris
1161 1578 1554 1631 enuntiationibus,

76 1633 215 1676 donec
233 1646 356 1675 suam
375 1636 565 1675 mentem
585 1633 697 1676 satis
726 1632 989 1699 explicatam
1018 1647 1117 1675 esse
1144 1638 1371 1691 putasset,
1411 1649 1553 1691 usque

75 1689 344 1751 repetivisse
360 1688 602 1733 dictitavit!
658 1689 833 1732 Similia
852 1688 1078 1732 Reichium
1098 1689 1138 1741 I,
1157 1690 1257 1734 389.
1280 1692 1555 1733 contendisse

79 1747 235 1791 miror.
263 1771 320 1778 —-
375 1745 542 1789 Parum
564 1751 768 1789 accurate
786 1745 840 1788 de
857 1760 925 1789 VS.
948 1745 1083 1791 15.—
1098 1748 1169 1791 17.
1196 1747 1412 1790 disseruit
1431 1748 1554 1792 Flat-

19 1817 29 1822 ·
77 1809 148 1848 tus
178 1802 346 1861 Opusc.
378 1802 502 1849 acad.
530 1803 624 1860 (ed.
641 1803 866 1847 Sueslcind.
887 1801 1008 1847 Tub.
1028 1803 1178 1859 1826.)
1202 1805 1359 1862 p.379.
1380 1819 1467 1862 sq..
1496 1830 1553 1837 ——

83 1860 149 1902 Τὸ
167 1858 457 1916 παράπτωμα
475 1875 577 1902 esse
595 1858 853 1913 maleficium
876 1859 931 1901 ab
952 1859 1119 1901 Adamo
1137 1860 1182 1901 in
1207 1861 1412 1915 paradiso
1441 1875 1553 1903 com.-

79 1916 260 1959 mz'ssum
283 1915 448 1960 Genes.
466 1917 510 1969 3,
534 1918 629 1969 17.,
658 1919 810 1957 contra
831 1915 883 1957 τὸ
903 1911 1101 1970 χάρισμα
1125 1914 1291 1972 favoris
1318 1916 1452 1972 (div.)
1481 1918 1554 1960 do-

81 1976 351 2025 cumentum,
389 1972 648 2014 beneficium
679 1970 789 2024 dici,
828 1969 946 2027 quod
975 1971 1022 2014 in
1055 1970 1267 2014 divinitus
1303 1972 1557 2033 adjudicata

80 2027 339 2082 integritate
369 2028 421 2085 (i.
443 2043 487 2085 q.
515 2042 557 2073 v·
579 2029 650 2072 15.
678 2044 706 2085 η
737 2026 910 2084 δωρεά,
950 2041 992 2072 v.
1014 2029 1084 2072 16.
1106 2025 1158 2070 τὸ
1180 2027 1388 2086 δώρημα,
1419 2044 1460 2073 v.
1484 2031 1556 2074 17.

81 2079 110 2141 ἡ
133 2083 278 2140 δωρεὰ
306 2084 385 2141 τῆς
415 2081 719 2139 δικαιοσύνης)
747 2088 979 2137 cernatur,
1009 2099 1033 2127 e
1057 2085 1151 2127 tota
1172 2083 1226 2129 P.
1255 2085 1557 2144 disputatione

82 2155 124 2185 v.
149 2140 367 2185 15.-19.
398 2142 556 2185 elucet.
622 2140 740 2183 Male
769 2141 908 2211 igitur
936 2141 1075 2186 schol.
1096 2140 1178 2186 Cd.
1199 2142 1265 2186 A.
1295 2157 1366 2200 ap,
1388 2142 1557 2187 Mami.

83 2194 174 2239 ἀλλ’
199 2195 277 2250 οὐχ
297 2194 356 2248 ὡς
370 2196 423 2240 τὸ
443 2196 751 2254 παράπτωμα]
781 2214 807 2254 η
819 2212 850 2252 μ
863 2199 931 2239 ὥν
960 2196 1069 2241 ἐστι.
1125 2197 1262 2258 Pejus
1280 2201 1409 2242 etiam
1430 2199 1558 2242 Beza

82 2250 162 2309 τήν
179 2247 399 2308 ἁμαρτίαν
418 2268 444 2296 a
464 2268 506 2299 v.
531 2253 581 2296 τὸ
604 2252 893 2310 παράπτωμα
913 2258 963 2297 ut
980 2254 1179 2298 effectum
1198 2270 1224 2297 a
1245 2257 1378 2299 causa
1397 2255 1557 2298 distin-

84 2323 224 2366 guens
243 2309 294 2351 τό
312 2308 601 2366 παράπτωμα
629 2311 808 2368 „ipsam
826 2309 997 2353 Adami
1018 2312 1190 2354 ruinam
1207 2313 1414 2371 exponit,
1442 2311 1558 2354 unde

84 2370 231 2409 manet
267 2363 296 2423 ἡ
333 2362 527 2424 ἁμαρτία
566 2367 597 2411 i.
621 2382 660 2411 e.
691 2371 783 2410 tum
823 2372 974 2410 reatus
1012 2369 1091 2412 ille
1129 2373 1222 2411 tum
1251 2370 1478 2428 corruptio
1512 2369 1559 2411 in

84 2423 276 2466 omnium
318 2422 541 2467 hominum
576 2424 735 2468 natura
767 2424 1065 2481 haerenS.''*)
1126 2424 1218 2469 Sed
1249 2430 1300 2469 ut
1326 2424 1378 2470 τὸ
1408 2424 1560 2483 παρά-

132 2593 172 2638 *)
198 2596 315 2628 Voces
337 2590 582 2639 ἁμαρτάνειν,
609 2593 632 2638 ἡ
659 2591 844 2640 ἁμαρτία,
879 2593 921 2630 τὸ
949 2590 1146 2641 ἁμάρτημα
1171 2599 1207 2627 et
1232 2592 1501 2639 παραπίπτειν,
1537 2591 1560 2635 ἡ

178 2637 439 2686 παράπτωσις,
465 2637 507 2676 τό
524 2639 757 2688 παράπτωμα
774 2647 880 2683 tropo
899 2642 994 2675 inter
1019 2653 1056 2675 se
1087 2640 1236 2680 distant,
1259 2652 1333 2677 non
1358 2645 1560 2682 potestate.

180 2686 268 2720 Illae
289 2686 514 2721 aberratione
532 2699 550 2721 a
568 2699 681 2732 scopo
705 2687 749 2720 ad
771 2693 929 2720 mentem
953 2686 1188 2731 animumque
1214 2684 1375 2720 traducti}
1403 2693 1479 2719 tum
1506 2695 1560 2717 er·

181 2744 282 2772 rare,
295 2743 474 2773 errorem,
487 2738 564 2766 tum
579 2739 947 2775 peccare,peccalum
966 2732 1168 2778 significant
1186 2735 1236 2775 (v.
1250 2739 1326 2766 not.
1347 2744 1381 2776 p.
1393 2731 1460 2764 289
1471 2733 1562 2774 sq.);

180 2778 246 2812 hae
266 2775 334 2811 aliti
355 2778 590 2812 similitudine
610 2778 653 2813 ad
680 2776 873 2811 eonsilium
903 2777 1192 2822 voluntatemque
1220 2776 1384 2811 revocata
1415 2787 1562 2820 prorsus

181 2824 329 2858 eandem
355 2824 431 2862 vim
457 2824 600 2859 habent.
657 2824 919 2872 Παραπίπτειν
947 2823 1092 2870 proprie
1117 2830 1271 2866 propter
1294 2834 1376 2858 rem
1402 2822 1480 2856 labi
1495 2820 1562 2856 de-

1064 2867 1169 2911 X2
