<?xml version="1.0" encoding="UTF-8"?>
<!DOCTYPE html PUBLIC "-//W3C//DTD XHTML 1.0 Transitional//EN"
    "http://www.w3.org/TR/xhtml1/DTD/xhtml1-transitional.dtd">
<html xmlns="http://www.w3.org/1999/xhtml" xml:lang="en" lang="en">
 <head>
  <title>
</title>
<meta http-equiv="Content-Type" content="text/html;charset=utf-8" />
  <meta name='ocr-system' content='tesseract 3.04.00' />
  <meta name='ocr-capabilities' content='ocr_page ocr_carea ocr_par ocr_line ocrx_word'/>
</head>
<body>
  <div class='ocr_page' id='page_1' title='image "./pauliadromanosep01frituoft_0146.png"; bbox 0 0 1752 3347; ppageno 0'>
   <div class='ocr_carea' id='block_1_1' title="bbox 191 197 1381 246">
    <p class='ocr_par' dir='ltr' id='par_1_1' title="bbox 191 197 1381 246">
     <span class='ocr_line' id='line_1_1' title="bbox 191 197 1381 246; baseline 0.002 -2"><span class='ocrx_word' id='word_1_1' title='bbox 191 198 248 244; x_wconf 90' lang='grc'><strong>86</strong></span> <span class='ocrx_word' id='word_1_2' title='bbox 467 197 850 244; x_wconf 83' lang='lat' dir='ltr'><strong>EPISTOLA</strong></span> <span class='ocrx_word' id='word_1_3' title='bbox 883 198 987 242; x_wconf 87' lang='lat' dir='ltr'><strong>AD</strong></span> <span class='ocrx_word' id='word_1_4' title='bbox 1018 197 1381 246; x_wconf 77' lang='lat' dir='ltr'>ROMANOS</span> 
     </span>
    </p>
   </div>
   <div class='ocr_carea' id='block_1_2' title="bbox 185 301 1673 2920">
    <p class='ocr_par' dir='ltr' id='par_1_2' title="bbox 185 301 1673 2920">
     <span class='ocr_line' id='line_1_2' title="bbox 191 301 1664 364; baseline 0.002 -16"><span class='ocrx_word' id='word_1_5' title='bbox 191 303 313 348; x_wconf 83' lang='grc' dir='ltr'><strong>ἀλλ’</strong></span> <span class='ocrx_word' id='word_1_6' title='bbox 336 301 715 358; x_wconf 80' lang='grc' dir='ltr'><strong><em>οὶμισοῦντες</em></strong></span> <span class='ocrx_word' id='word_1_7' title='bbox 733 302 829 347; x_wconf 82' lang='grc' dir='ltr'><strong>τὸν</strong></span> <span class='ocrx_word' id='word_1_8' title='bbox 846 302 997 347; x_wconf 69' lang='grc' dir='ltr'><strong><em>θεόν.</em></strong></span> <span class='ocrx_word' id='word_1_9' title='bbox 1054 305 1239 351; x_wconf 84' lang='lat' dir='ltr'><strong>Oecum.</strong></span> <span class='ocrx_word' id='word_1_10' title='bbox 1260 308 1519 362; x_wconf 77' lang='grc' dir='ltr'><strong><em>θεοστυγεῖς</em></strong></span> <span class='ocrx_word' id='word_1_11' title='bbox 1541 306 1664 364; x_wconf 77' lang='grc' dir='ltr'><strong><em>λέγει</em></strong></span> 
     </span>
     <span class='ocr_line' id='line_1_3' title="bbox 192 358 1664 419; baseline 0.002 -15"><span class='ocrx_word' id='word_1_12' title='bbox 192 358 254 405; x_wconf 82' lang='grc' dir='ltr'><strong>οὐ</strong></span> <span class='ocrx_word' id='word_1_13' title='bbox 275 362 405 412; x_wconf 81' lang='grc' dir='ltr'><strong><em>τοὺς</em></strong></span> <span class='ocrx_word' id='word_1_14' title='bbox 431 360 536 404; x_wconf 76' lang='grc' dir='ltr'><strong>ὑπὸ</strong></span> <span class='ocrx_word' id='word_1_15' title='bbox 560 362 702 404; x_wconf 69' lang='grc' dir='ltr'><strong><em>θεοῦ</em></strong></span> <span class='ocrx_word' id='word_1_16' title='bbox 721 359 1215 415; x_wconf 83' lang='grc' dir='ltr'><strong><em>μισουμένους(οὐ</em></strong></span> <span class='ocrx_word' id='word_1_17' title='bbox 1236 361 1338 418; x_wconf 81' lang='grc' dir='ltr'><strong>γὰρ</strong></span> <span class='ocrx_word' id='word_1_18' title='bbox 1363 359 1509 419; x_wconf 76' lang='grc' dir='ltr'><strong><em>αὐτῷ</em></strong></span> <span class='ocrx_word' id='word_1_19' title='bbox 1534 380 1596 406; x_wconf 87' lang='grc' dir='ltr'><strong>το</strong></span> <span class='ocrx_word' id='word_1_20' title='bbox 1612 367 1664 407; x_wconf 86' lang='grc' dir='ltr'><strong>ῦ-</strong></span> 
     </span>
     <span class='ocr_line' id='line_1_4' title="bbox 192 413 1664 477; baseline 0.002 -17"><span class='ocrx_word' id='word_1_21' title='bbox 192 434 254 461; x_wconf 87' lang='grc' dir='ltr'><strong>το</strong></span> <span class='ocrx_word' id='word_1_22' title='bbox 277 419 396 469; x_wconf 67' lang='grc' dir='ltr'><strong><em>δεῖς</em></strong></span> <span class='ocrx_word' id='word_1_23' title='bbox 411 435 468 461; x_wconf 89' lang='grc' dir='ltr'><strong><em>αι</em></strong></span> <span class='ocrx_word' id='word_1_24' title='bbox 490 414 829 475; x_wconf 78' lang='grc' dir='ltr'><strong><em>πρόκειται)</em></strong></span> <span class='ocrx_word' id='word_1_25' title='bbox 849 413 963 459; x_wconf 76' lang='grc' dir='ltr'><em>ἀλλὰ</em></span> <span class='ocrx_word' id='word_1_26' title='bbox 987 417 1092 468; x_wconf 84' lang='grc' dir='ltr'><strong><em>τοὺς</em></strong></span> <span class='ocrx_word' id='word_1_27' title='bbox 1110 421 1351 472; x_wconf 82' lang='grc' dir='ltr'><strong><em>μισοῦντας</em></strong></span> <span class='ocrx_word' id='word_1_28' title='bbox 1372 418 1493 462; x_wconf 68' lang='grc' dir='ltr'><strong><em>θεόν.</em></strong></span> <span class='ocrx_word' id='word_1_29' title='bbox 1536 420 1664 477; x_wconf 78' lang='lat' dir='ltr'><strong>Quae</strong></span> 
     </span>
     <span class='ocr_line' id='line_1_5' title="bbox 190 474 1665 534; baseline 0.001 -15"><span class='ocrx_word' id='word_1_30' title='bbox 190 476 339 534; x_wconf 88' lang='lat' dir='ltr'><strong>opinio</strong></span> <span class='ocrx_word' id='word_1_31' title='bbox 361 490 444 516; x_wconf 88' lang='lat' dir='ltr'><strong>non</strong></span> <span class='ocrx_word' id='word_1_32' title='bbox 467 489 550 516; x_wconf 91' lang='lat' dir='ltr'><strong>usu</strong></span> <span class='ocrx_word' id='word_1_33' title='bbox 573 479 694 516; x_wconf 85' lang='lat' dir='ltr'><strong>certo</strong></span> <span class='ocrx_word' id='word_1_34' title='bbox 716 474 873 516; x_wconf 89' lang='lat' dir='ltr'><strong>nititur</strong></span> <span class='ocrx_word' id='word_1_35' title='bbox 895 479 971 516; x_wconf 85' lang='lat' dir='ltr'><strong>aut</strong></span> <span class='ocrx_word' id='word_1_36' title='bbox 1004 475 1099 517; x_wconf 88' lang='lat' dir='ltr'><strong>luce</strong></span> <span class='ocrx_word' id='word_1_37' title='bbox 1130 475 1434 532; x_wconf 79' lang='lat' dir='ltr'><strong>antiquitatis,</strong></span> <span class='ocrx_word' id='word_1_38' title='bbox 1474 476 1553 519; x_wconf 83' lang='lat' dir='ltr'><strong>sed</strong></span> <span class='ocrx_word' id='word_1_39' title='bbox 1582 479 1665 520; x_wconf 79' lang='lat' dir='ltr'><strong>sal-</strong></span> 
     </span>
     <span class='ocr_line' id='line_1_6' title="bbox 189 529 1667 589; baseline 0 -14"><span class='ocrx_word' id='word_1_40' title='bbox 189 533 276 575; x_wconf 81' lang='lat' dir='ltr'><strong>laci</strong></span> <span class='ocrx_word' id='word_1_41' title='bbox 297 536 464 574; x_wconf 84' lang='lat' dir='ltr'><strong>tantum</strong></span> <span class='ocrx_word' id='word_1_42' title='bbox 490 529 783 574; x_wconf 81' lang='lat' dir='ltr'><strong>similitudine</strong></span> <span class='ocrx_word' id='word_1_43' title='bbox 804 531 1054 588; x_wconf 67' lang='lat' dir='ltr'><strong>(analogia)</strong></span> <span class='ocrx_word' id='word_1_44' title='bbox 1075 546 1117 576; x_wconf 73' lang='lat' dir='ltr'><strong>V.</strong></span> <span class='ocrx_word' id='word_1_45' title='bbox 1140 531 1386 589; x_wconf 77' lang='grc' dir='ltr'><strong><em>θεομισής,</em></strong></span> <span class='ocrx_word' id='word_1_46' title='bbox 1419 534 1667 587; x_wconf 77' lang='grc' dir='ltr'><strong><em>βροτοστυ-</em></strong></span> 
     </span>
     <span class='ocr_line' id='line_1_7' title="bbox 188 587 1668 647; baseline 0.001 -17"><span class='ocrx_word' id='word_1_47' title='bbox 188 591 268 646; x_wconf 71' lang='grc' dir='ltr'><strong>γής</strong></span> <span class='ocrx_word' id='word_1_48' title='bbox 290 594 333 630; x_wconf 86' lang='lat' dir='ltr'><strong>et</strong></span> <span class='ocrx_word' id='word_1_49' title='bbox 357 587 583 632; x_wconf 80' lang='lat' dir='ltr'><strong>similium.</strong></span> <span class='ocrx_word' id='word_1_50' title='bbox 642 587 821 630; x_wconf 81' lang='lat' dir='ltr'><strong>Detulit</strong></span> <span class='ocrx_word' id='word_1_51' title='bbox 843 603 918 630; x_wconf 88' lang='lat' dir='ltr'><strong>eos</strong></span> <span class='ocrx_word' id='word_1_52' title='bbox 941 587 997 630; x_wconf 85' lang='lat' dir='ltr'><strong>ad</strong></span> <span class='ocrx_word' id='word_1_53' title='bbox 1019 604 1143 631; x_wconf 84' lang='lat' dir='ltr'><strong>suam</strong></span> <span class='ocrx_word' id='word_1_54' title='bbox 1175 589 1581 647; x_wconf 77' lang='lat' dir='ltr'><strong>interpretationem</strong></span> <span class='ocrx_word' id='word_1_55' title='bbox 1612 591 1668 632; x_wconf 88' lang='lat' dir='ltr'><strong>il·</strong></span> 
     </span>
     <span class='ocr_line' id='line_1_8' title="bbox 188 643 1669 704; baseline 0.001 -17"><span class='ocrx_word' id='word_1_56' title='bbox 188 645 267 687; x_wconf 89' lang='lat' dir='ltr'><strong>lud</strong></span> <span class='ocrx_word' id='word_1_57' title='bbox 292 644 502 698; x_wconf 81' lang='lat' dir='ltr'><strong>maxime,</strong></span> <span class='ocrx_word' id='word_1_58' title='bbox 542 643 659 702; x_wconf 87' lang='lat' dir='ltr'><strong>quod</strong></span> <span class='ocrx_word' id='word_1_59' title='bbox 684 659 814 701; x_wconf 90' lang='lat' dir='ltr'><strong>quum</strong></span> <span class='ocrx_word' id='word_1_60' title='bbox 845 646 953 688; x_wconf 72' lang='lat' dir='ltr'><strong>vitia</strong></span> <span class='ocrx_word' id='word_1_61' title='bbox 984 645 1229 702; x_wconf 88' lang='lat' dir='ltr'><strong>gentilibus</strong></span> <span class='ocrx_word' id='word_1_62' title='bbox 1260 646 1305 690; x_wconf 89' lang='lat' dir='ltr'><strong>h.</strong></span> <span class='ocrx_word' id='word_1_63' title='bbox 1336 647 1370 690; x_wconf 90' lang='lat' dir='ltr'><strong>l.</strong></span> <span class='ocrx_word' id='word_1_64' title='bbox 1402 646 1669 704; x_wconf 81' lang='lat' dir='ltr'><strong>exprobrari</strong></span> 
     </span>
     <span class='ocr_line' id='line_1_9' title="bbox 190 701 1668 760; baseline 0.001 -16"><span class='ocrx_word' id='word_1_65' title='bbox 190 701 430 754; x_wconf 84' lang='lat' dir='ltr'><strong>vidissent,</strong></span> <span class='ocrx_word' id='word_1_66' title='bbox 456 701 520 743; x_wconf 85' lang='lat' dir='ltr'><strong>ita</strong></span> <span class='ocrx_word' id='word_1_67' title='bbox 543 701 630 744; x_wconf 89' lang='lat' dir='ltr'><strong>sibi</strong></span> <span class='ocrx_word' id='word_1_68' title='bbox 650 707 994 760; x_wconf 84' lang='lat' dir='ltr'><strong>persuaserunt,</strong></span> <span class='ocrx_word' id='word_1_69' title='bbox 1031 703 1122 745; x_wconf 90' lang='lat' dir='ltr'><strong>Dei</strong></span> <span class='ocrx_word' id='word_1_70' title='bbox 1144 718 1317 746; x_wconf 82' lang='lat' dir='ltr'><strong>osorem</strong></span> <span class='ocrx_word' id='word_1_71' title='bbox 1350 709 1467 746; x_wconf 88' lang='lat' dir='ltr'><strong>recte</strong></span> <span class='ocrx_word' id='word_1_72' title='bbox 1498 704 1668 746; x_wconf 84' lang='lat' dir='ltr'><strong>facino·</strong></span> 
     </span>
     <span class='ocr_line' id='line_1_10' title="bbox 188 758 1668 818; baseline 0.002 -18"><span class='ocrx_word' id='word_1_73' title='bbox 188 772 337 800; x_wconf 89' lang='lat' dir='ltr'><strong>rosum</strong></span> <span class='ocrx_word' id='word_1_74' title='bbox 359 758 531 813; x_wconf 74' lang='lat' dir='ltr'><strong>vocari,</strong></span> <span class='ocrx_word' id='word_1_75' title='bbox 561 773 646 801; x_wconf 90' lang='lat' dir='ltr'><strong>non</strong></span> <span class='ocrx_word' id='word_1_76' title='bbox 668 759 768 802; x_wconf 86' lang='lat' dir='ltr'><strong>Deo</strong></span> <span class='ocrx_word' id='word_1_77' title='bbox 790 759 1006 814; x_wconf 75' lang='lat' dir='ltr'><strong>invisum,</strong></span> <span class='ocrx_word' id='word_1_78' title='bbox 1038 762 1110 817; x_wconf 88' lang='lat' dir='ltr'><strong>qui</strong></span> <span class='ocrx_word' id='word_1_79' title='bbox 1133 774 1314 815; x_wconf 82' lang='lat' dir='ltr'><strong>poenam</strong></span> <span class='ocrx_word' id='word_1_80' title='bbox 1338 760 1489 818; x_wconf 81' lang='lat' dir='ltr'><strong>potius</strong></span> <span class='ocrx_word' id='word_1_81' title='bbox 1521 775 1545 802; x_wconf 85' lang='lat' dir='ltr'><strong>a</strong></span> <span class='ocrx_word' id='word_1_82' title='bbox 1566 760 1668 803; x_wconf 90' lang='lat' dir='ltr'><strong>Deo</strong></span> 
     </span>
     <span class='ocr_line' id='line_1_11' title="bbox 188 815 1668 872; baseline 0.003 -15"><span class='ocrx_word' id='word_1_83' title='bbox 188 815 372 869; x_wconf 82' lang='lat' dir='ltr'><strong>haheat,</strong></span> <span class='ocrx_word' id='word_1_84' title='bbox 424 829 553 871; x_wconf 86' lang='lat' dir='ltr'><strong>quam</strong></span> <span class='ocrx_word' id='word_1_85' title='bbox 596 816 767 858; x_wconf 85' lang='lat' dir='ltr'><strong>facinus</strong></span> <span class='ocrx_word' id='word_1_86' title='bbox 810 816 857 858; x_wconf 89' lang='lat' dir='ltr'><strong>in</strong></span> <span class='ocrx_word' id='word_1_87' title='bbox 894 815 1040 859; x_wconf 93' lang='lat' dir='ltr'><strong>Deum</strong></span> <span class='ocrx_word' id='word_1_88' title='bbox 1082 818 1325 859; x_wconf 87' lang='lat' dir='ltr'><strong>committat</strong></span> <span class='ocrx_word' id='word_1_89' title='bbox 1369 817 1445 872; x_wconf 81' lang='lat' dir='ltr'><strong>[cf.</strong></span> <span class='ocrx_word' id='word_1_90' title='bbox 1479 817 1668 871; x_wconf 68' lang='lat' dir='ltr'><strong>Oecum„</strong></span> 
     </span>
     <span class='ocr_line' id='line_1_12' title="bbox 189 870 1668 930; baseline 0.002 -16"><span class='ocrx_word' id='word_1_91' title='bbox 189 872 332 924; x_wconf 62' lang='lat' dir='ltr'><strong>Cale„</strong></span> <span class='ocrx_word' id='word_1_92' title='bbox 362 870 514 925; x_wconf 78' lang='lat' dir='ltr'><strong>Beza,</strong></span> <span class='ocrx_word' id='word_1_93' title='bbox 547 873 694 926; x_wconf 65' lang='lat' dir='ltr'><strong>Grot„</strong></span> <span class='ocrx_word' id='word_1_94' title='bbox 724 873 938 927; x_wconf 76' lang='lat' dir='ltr'><strong>Boelzm.].</strong></span> <span class='ocrx_word' id='word_1_95' title='bbox 996 874 1066 917; x_wconf 75' lang='lat' dir='ltr'><strong>At</strong></span> <span class='ocrx_word' id='word_1_96' title='bbox 1087 888 1173 916; x_wconf 91' lang='lat' dir='ltr'><strong>non</strong></span> <span class='ocrx_word' id='word_1_97' title='bbox 1195 875 1470 930; x_wconf 84' lang='lat' dir='ltr'><strong>cogitarunt,</strong></span> <span class='ocrx_word' id='word_1_98' title='bbox 1496 874 1578 916; x_wconf 71' lang='lat' dir='ltr'><strong>hac</strong></span> <span class='ocrx_word' id='word_1_99' title='bbox 1598 880 1668 917; x_wconf 90' lang='lat' dir='ltr'><strong>to-</strong></span> 
     </span>
     <span class='ocr_line' id='line_1_13' title="bbox 187 929 1669 985; baseline 0.001 -15"><span class='ocrx_word' id='word_1_100' title='bbox 187 935 277 970; x_wconf 82' lang='lat' dir='ltr'><strong>tam</strong></span> <span class='ocrx_word' id='word_1_101' title='bbox 310 929 618 985; x_wconf 81' lang='lat' dir='ltr'><strong>antiquitatem</strong></span> <span class='ocrx_word' id='word_1_102' title='bbox 650 930 870 972; x_wconf 72' lang='lat' dir='ltr'><strong>sententia</strong></span> <span class='ocrx_word' id='word_1_103' title='bbox 903 929 1074 973; x_wconf 87' lang='lat' dir='ltr'><strong>ductam</strong></span> <span class='ocrx_word' id='word_1_104' title='bbox 1108 945 1233 984; x_wconf 89' lang='lat' dir='ltr'><strong>esse,</strong></span> <span class='ocrx_word' id='word_1_105' title='bbox 1279 935 1328 973; x_wconf 91' lang='lat' dir='ltr'><strong>ut</strong></span> <span class='ocrx_word' id='word_1_106' title='bbox 1358 931 1483 973; x_wconf 88' lang='lat' dir='ltr'><strong>Deos</strong></span> <span class='ocrx_word' id='word_1_107' title='bbox 1519 946 1669 973; x_wconf 87' lang='lat' dir='ltr'><strong>amare</strong></span> 
     </span>
     <span class='ocr_line' id='line_1_14' title="bbox 188 985 1669 1058; baseline 0.004 -31"><span class='ocrx_word' id='word_1_108' title='bbox 188 985 380 1043; x_wconf 85' lang='lat' dir='ltr'><strong>probos,</strong></span> <span class='ocrx_word' id='word_1_109' title='bbox 409 985 558 1028; x_wconf 89' lang='lat' dir='ltr'><strong>odisse</strong></span> <span class='ocrx_word' id='word_1_110' title='bbox 581 986 806 1058; x_wconf 56' lang='lat' dir='ltr'><strong>improbos</strong></span> <span class='ocrx_word' id='word_1_111' title='bbox 829 986 1029 1029; x_wconf 91' lang='lat' dir='ltr'><strong>homines</strong></span> <span class='ocrx_word' id='word_1_112' title='bbox 1054 992 1270 1030; x_wconf 82' lang='lat' dir='ltr'><strong>statueret</strong></span> <span class='ocrx_word' id='word_1_113' title='bbox 1292 987 1398 1042; x_wconf 79' lang='lat' dir='ltr'><strong>[vid.</strong></span> <span class='ocrx_word' id='word_1_114' title='bbox 1424 987 1562 1046; x_wconf 88' lang='lat' dir='ltr'><strong>Soph.</strong></span> <span class='ocrx_word' id='word_1_115' title='bbox 1586 987 1669 1058; x_wconf 78' lang='lat' dir='ltr'><strong>Aj.</strong></span> 
     </span>
     <span class='ocr_line' id='line_1_15' title="bbox 188 1041 1669 1101; baseline 0.001 -16"><span class='ocrx_word' id='word_1_116' title='bbox 188 1057 229 1087; x_wconf 72' lang='grc' dir='ltr'><strong>ν.</strong></span> <span class='ocrx_word' id='word_1_117' title='bbox 255 1043 353 1087; x_wconf 87' lang='grc'><strong>132.</strong></span> <span class='ocrx_word' id='word_1_118' title='bbox 384 1041 489 1093; x_wconf 76' lang='grc' dir='ltr'><strong><em>τοὺς</em></strong></span> <span class='ocrx_word' id='word_1_119' title='bbox 521 1044 568 1085; x_wconf 75' lang='grc' dir='ltr'><strong>δὲ</strong></span> <span class='ocrx_word' id='word_1_120' title='bbox 597 1058 834 1101; x_wconf 76' lang='grc' dir='ltr'><strong><em>σωφρονας</em></strong></span> <span class='ocrx_word' id='word_1_121' title='bbox 865 1046 971 1086; x_wconf 69' lang='grc' dir='ltr'><strong><em>θεοὶ</em></strong></span> <span class='ocrx_word' id='word_1_122' title='bbox 1001 1045 1188 1100; x_wconf 64' lang='grc' dir='ltr'><strong><em>φιλοῦσι</em></strong></span> <span class='ocrx_word' id='word_1_123' title='bbox 1221 1045 1296 1086; x_wconf 82' lang='grc' dir='ltr'><strong><em>καὶ</em></strong></span> <span class='ocrx_word' id='word_1_124' title='bbox 1327 1047 1535 1099; x_wconf 72' lang='grc' dir='ltr'><strong><em>στυγοῦσι</em></strong></span> <span class='ocrx_word' id='word_1_125' title='bbox 1564 1061 1669 1096; x_wconf 74' lang='grc' dir='ltr'><strong><em>τους</em></strong></span> 
     </span>
     <span class='ocr_line' id='line_1_16' title="bbox 189 1099 1670 1155; baseline 0.003 -15"><span class='ocrx_word' id='word_1_126' title='bbox 189 1099 374 1149; x_wconf 77' lang='grc' dir='ltr'><strong><em>κακούς.</em></strong></span> <span class='ocrx_word' id='word_1_127' title='bbox 405 1101 461 1144; x_wconf 87' lang='lat' dir='ltr'><strong>cl.</strong></span> <span class='ocrx_word' id='word_1_128' title='bbox 487 1102 511 1141; x_wconf 92' lang='lat' dir='ltr'><strong>l</strong></span> <span class='ocrx_word' id='word_1_129' title='bbox 535 1100 700 1143; x_wconf 81' lang='lat' dir='ltr'><strong>Thess.</strong></span> <span class='ocrx_word' id='word_1_130' title='bbox 725 1100 821 1151; x_wconf 75' lang='lat'><strong>1‚4.</strong></span> <span class='ocrx_word' id='word_1_131' title='bbox 843 1100 1006 1154; x_wconf 87' lang='lat'>2,15.].</span> <span class='ocrx_word' id='word_1_132' title='bbox 1065 1099 1135 1143; x_wconf 88' lang='lat' dir='ltr'><strong>Ita</strong></span> <span class='ocrx_word' id='word_1_133' title='bbox 1157 1101 1318 1143; x_wconf 82' lang='lat' dir='ltr'><strong>factum</strong></span> <span class='ocrx_word' id='word_1_134' title='bbox 1341 1106 1435 1155; x_wconf 89' lang='lat' dir='ltr'><strong>est,</strong></span> <span class='ocrx_word' id='word_1_135' title='bbox 1474 1108 1525 1143; x_wconf 90' lang='lat' dir='ltr'><strong>ut</strong></span> <span class='ocrx_word' id='word_1_136' title='bbox 1556 1102 1670 1146; x_wconf 87' lang='lat' dir='ltr'><strong>nihil</strong></span> 
     </span>
     <span class='ocr_line' id='line_1_17' title="bbox 187 1156 1669 1213; baseline 0.002 -15"><span class='ocrx_word' id='word_1_137' title='bbox 187 1157 281 1199; x_wconf 82' lang='lat' dir='ltr'><strong>fere</strong></span> <span class='ocrx_word' id='word_1_138' title='bbox 323 1157 501 1212; x_wconf 79' lang='lat' dir='ltr'><strong>gravius</strong></span> <span class='ocrx_word' id='word_1_139' title='bbox 542 1156 630 1199; x_wconf 88' lang='lat' dir='ltr'><strong>dici</strong></span> <span class='ocrx_word' id='word_1_140' title='bbox 661 1162 813 1213; x_wconf 88' lang='lat' dir='ltr'><strong>posset</strong></span> <span class='ocrx_word' id='word_1_141' title='bbox 845 1158 1116 1213; x_wconf 83' lang='lat' dir='ltr'><strong>antiquitus,</strong></span> <span class='ocrx_word' id='word_1_142' title='bbox 1158 1172 1288 1213; x_wconf 85' lang='lat' dir='ltr'><strong>quam</strong></span> <span class='ocrx_word' id='word_1_143' title='bbox 1319 1172 1422 1200; x_wconf 90' lang='lat' dir='ltr'><strong>esse</strong></span> <span class='ocrx_word' id='word_1_144' title='bbox 1450 1157 1669 1202; x_wconf 88' lang='lat' dir='ltr'><strong>hominem</strong></span> 
     </span>
     <span class='ocr_line' id='line_1_18' title="bbox 189 1210 1670 1282; baseline 0.003 -28"><span class='ocrx_word' id='word_1_145' title='bbox 189 1214 414 1269; x_wconf 75' lang='grc' dir='ltr'><strong>θεοστυγῆ</strong></span> <span class='ocrx_word' id='word_1_146' title='bbox 437 1228 473 1257; x_wconf 90' lang='lat' dir='ltr'><strong>s.</strong></span> <span class='ocrx_word' id='word_1_147' title='bbox 496 1216 624 1264; x_wconf 76' lang='grc' dir='ltr'><strong><em>θεοῖς</em></strong></span> <span class='ocrx_word' id='word_1_148' title='bbox 647 1210 1093 1270; x_wconf 61' lang='grc' dir='ltr'><strong>ἑχᾶρόν,(ΑΡί5ΐοΡΙι.</strong></span> <span class='ocrx_word' id='word_1_149' title='bbox 1117 1213 1237 1258; x_wconf 81' lang='lat' dir='ltr'><strong>Nub.</strong></span> <span class='ocrx_word' id='word_1_150' title='bbox 1264 1228 1307 1257; x_wconf 75' lang='lat' dir='ltr'><strong>v.</strong></span> <span class='ocrx_word' id='word_1_151' title='bbox 1329 1215 1475 1271; x_wconf 86' lang='lat'><strong>572.)‚</strong></span> <span class='ocrx_word' id='word_1_152' title='bbox 1507 1215 1670 1282; x_wconf 70' lang='lat' dir='ltr'><strong>quippo</strong></span> 
     </span>
     <span class='ocr_line' id='line_1_19' title="bbox 188 1269 1670 1327; baseline 0.002 -15"><span class='ocrx_word' id='word_1_153' title='bbox 188 1271 303 1312; x_wconf 74' lang='lat' dir='ltr'><strong>omni</strong></span> <span class='ocrx_word' id='word_1_154' title='bbox 323 1271 513 1327; x_wconf 62' lang='lat' dir='ltr'><strong>nequ-&#39;titi</strong></span> <span class='ocrx_word' id='word_1_155' title='bbox 540 1277 801 1325; x_wconf 73' lang='lat' dir='ltr'><strong>coopertum.</strong></span> <span class='ocrx_word' id='word_1_156' title='bbox 842 1271 917 1325; x_wconf 83' lang='lat' dir='ltr'><strong>[cf.</strong></span> <span class='ocrx_word' id='word_1_157' title='bbox 949 1269 1064 1314; x_wconf 86' lang='lat' dir='ltr'><strong>Hor.</strong></span> <span class='ocrx_word' id='word_1_158' title='bbox 1101 1271 1199 1315; x_wconf 79' lang='lat' dir='ltr'><strong>Sat.</strong></span> <span class='ocrx_word' id='word_1_159' title='bbox 1229 1271 1324 1325; x_wconf 86' lang='grc'>2,3,</span> <span class='ocrx_word' id='word_1_160' title='bbox 1339 1271 1438 1315; x_wconf 85' lang='grc'><strong>123.</strong></span> <span class='ocrx_word' id='word_1_161' title='bbox 1469 1272 1557 1314; x_wconf 76' lang='lat' dir='ltr'><strong>Dis</strong></span> <span class='ocrx_word' id='word_1_162' title='bbox 1588 1273 1670 1315; x_wconf 77' lang='lat' dir='ltr'><strong>mi-</strong></span> 
     </span>
     <span class='ocr_line' id='line_1_20' title="bbox 190 1326 1670 1384; baseline 0.003 -16"><span class='ocrx_word' id='word_1_163' title='bbox 190 1327 297 1369; x_wconf 75' lang='lat' dir='ltr'><strong>mice</strong></span> <span class='ocrx_word' id='word_1_164' title='bbox 319 1341 454 1368; x_wconf 71' lang='lat' dir='ltr'><strong>senex</strong></span> <span class='ocrx_word' id='word_1_165' title='bbox 476 1327 627 1383; x_wconf 73' lang='lat' dir='ltr'><strong>ibique</strong></span> <span class='ocrx_word' id='word_1_166' title='bbox 647 1327 806 1370; x_wconf 79' lang='lat' dir='ltr'><strong>Hee&#39;nd.</strong></span> <span class='ocrx_word' id='word_1_167' title='bbox 829 1332 873 1368; x_wconf 91' lang='lat' dir='ltr'><strong>et</strong></span> <span class='ocrx_word' id='word_1_168' title='bbox 903 1326 1185 1384; x_wconf 65' lang='grc' dir='ltr'><strong><em>θεοσεχθρία</em></strong></span> <span class='ocrx_word' id='word_1_169' title='bbox 1218 1343 1256 1372; x_wconf 92' lang='lat' dir='ltr'><strong>s.</strong></span> <span class='ocrx_word' id='word_1_170' title='bbox 1288 1327 1539 1384; x_wconf 70' lang='grc' dir='ltr'><strong><em>θεοεχθρία</em></strong></span> <span class='ocrx_word' id='word_1_171' title='bbox 1570 1344 1670 1372; x_wconf 82' lang='lat' dir='ltr'><strong>con-</strong></span> 
     </span>
     <span class='ocr_line' id='line_1_21' title="bbox 187 1383 1669 1440; baseline 0.001 -14"><span class='ocrx_word' id='word_1_172' title='bbox 187 1383 292 1426; x_wconf 71' lang='lat' dir='ltr'><strong>ditio</strong></span> <span class='ocrx_word' id='word_1_173' title='bbox 313 1384 496 1425; x_wconf 71' lang='lat' dir='ltr'><strong>hominis</strong></span> <span class='ocrx_word' id='word_1_174' title='bbox 516 1385 604 1426; x_wconf 53' lang='lat' dir='ltr'><strong>Dis</strong></span> <span class='ocrx_word' id='word_1_175' title='bbox 626 1384 747 1426; x_wconf 70' lang='lat' dir='ltr'><strong>exose·</strong></span> <span class='ocrx_word' id='word_1_176' title='bbox 770 1383 813 1426; x_wconf 91' lang='lat' dir='ltr'><strong>h.</strong></span> <span class='ocrx_word' id='word_1_177' title='bbox 839 1398 877 1427; x_wconf 86' lang='lat' dir='ltr'><strong>e.</strong></span> <span class='ocrx_word' id='word_1_178' title='bbox 901 1399 1071 1426; x_wconf 79' lang='lat' dir='ltr'><strong>summa</strong></span> <span class='ocrx_word' id='word_1_179' title='bbox 1091 1385 1380 1440; x_wconf 70' lang='lat' dir='ltr'><strong>i1topr·obe&#39;tccs].</strong></span> <span class='ocrx_word' id='word_1_180' title='bbox 1421 1385 1547 1428; x_wconf 86' lang='lat' dir='ltr'><strong>Haec</strong></span> <span class='ocrx_word' id='word_1_181' title='bbox 1569 1401 1669 1428; x_wconf 88' lang='lat' dir='ltr'><strong>sen-</strong></span> 
     </span>
     <span class='ocr_line' id='line_1_22' title="bbox 186 1439 1671 1498; baseline 0.003 -16"><span class='ocrx_word' id='word_1_182' title='bbox 186 1440 327 1482; x_wconf 78' lang='lat' dir='ltr'><strong>tentia</strong></span> <span class='ocrx_word' id='word_1_183' title='bbox 349 1444 441 1481; x_wconf 87' lang='lat' dir='ltr'><strong>tam</strong></span> <span class='ocrx_word' id='word_1_184' title='bbox 465 1445 534 1482; x_wconf 87' lang='lat' dir='ltr'><strong>est</strong></span> <span class='ocrx_word' id='word_1_185' title='bbox 555 1447 657 1498; x_wconf 82' lang='lat' dir='ltr'><strong>apta</strong></span> <span class='ocrx_word' id='word_1_186' title='bbox 680 1439 736 1482; x_wconf 84' lang='lat' dir='ltr'><strong>ad</strong></span> <span class='ocrx_word' id='word_1_187' title='bbox 758 1440 802 1484; x_wconf 90' lang='lat' dir='ltr'><strong>h.</strong></span> <span class='ocrx_word' id='word_1_188' title='bbox 824 1440 856 1483; x_wconf 91' lang='lat' dir='ltr'><strong>l.</strong></span> <span class='ocrx_word' id='word_1_189' title='bbox 872 1474 884 1495; x_wconf 90' lang='lat'><strong>,</strong></span> <span class='ocrx_word' id='word_1_190' title='bbox 913 1445 964 1483; x_wconf 91' lang='lat' dir='ltr'><strong>ut</strong></span> <span class='ocrx_word' id='word_1_191' title='bbox 985 1455 1070 1483; x_wconf 90' lang='lat' dir='ltr'><strong>non</strong></span> <span class='ocrx_word' id='word_1_192' title='bbox 1092 1441 1262 1484; x_wconf 66' lang='lat' dir='ltr'><strong>videam</strong></span> <span class='ocrx_word' id='word_1_193' title='bbox 1277 1475 1288 1495; x_wconf 92' lang='lat'><strong>‚</strong></span> <span class='ocrx_word' id='word_1_194' title='bbox 1320 1457 1398 1484; x_wconf 90' lang='lat' dir='ltr'><strong>cur</strong></span> <span class='ocrx_word' id='word_1_195' title='bbox 1429 1457 1566 1486; x_wconf 73' lang='lat' dir='ltr'><strong>novae</strong></span> <span class='ocrx_word' id='word_1_196' title='bbox 1597 1458 1671 1486; x_wconf 86' lang='lat' dir='ltr'><strong>res</strong></span> 
     </span>
     <span class='ocr_line' id='line_1_23' title="bbox 186 1495 1671 1555; baseline 0.003 -17"><span class='ocrx_word' id='word_1_197' title='bbox 186 1495 432 1541; x_wconf 81' lang='lat' dir='ltr'><strong>moliendae</strong></span> <span class='ocrx_word' id='word_1_198' title='bbox 473 1497 564 1539; x_wconf 87' lang='lat' dir='ltr'><strong>sint</strong></span> <span class='ocrx_word' id='word_1_199' title='bbox 604 1497 776 1555; x_wconf 86' lang='lat' dir='ltr'><strong>potius,</strong></span> <span class='ocrx_word' id='word_1_200' title='bbox 826 1512 956 1554; x_wconf 89' lang='lat' dir='ltr'><strong>quam</strong></span> <span class='ocrx_word' id='word_1_201' title='bbox 991 1503 1141 1540; x_wconf 87' lang='lat' dir='ltr'><strong>certus</strong></span> <span class='ocrx_word' id='word_1_202' title='bbox 1175 1499 1376 1555; x_wconf 86' lang='lat' dir='ltr'><strong>nullique</strong></span> <span class='ocrx_word' id='word_1_203' title='bbox 1404 1498 1671 1543; x_wconf 81' lang='lat' dir='ltr'><strong>dubitationi</strong></span> 
     </span>
     <span class='ocr_line' id='line_1_24' title="bbox 187 1553 1668 1612; baseline 0.003 -18"><span class='ocrx_word' id='word_1_204' title='bbox 187 1553 406 1595; x_wconf 83' lang='lat' dir='ltr'><strong>obnoxius</strong></span> <span class='ocrx_word' id='word_1_205' title='bbox 429 1554 552 1597; x_wconf 72' lang='lat' dir='ltr'><strong>verbi</strong></span> <span class='ocrx_word' id='word_1_206' title='bbox 571 1569 678 1596; x_wconf 92' lang='lat' dir='ltr'><strong>usus</strong></span> <span class='ocrx_word' id='word_1_207' title='bbox 699 1554 965 1610; x_wconf 75' lang='lat' dir='ltr'><strong>sequendus·</strong></span> <span class='ocrx_word' id='word_1_208' title='bbox 1025 1553 1140 1596; x_wconf 78' lang='lat' dir='ltr'><strong>Nam</strong></span> <span class='ocrx_word' id='word_1_209' title='bbox 1165 1557 1238 1610; x_wconf 86' lang='lat' dir='ltr'><strong>qui</strong></span> <span class='ocrx_word' id='word_1_210' title='bbox 1258 1556 1349 1597; x_wconf 86' lang='lat' dir='ltr'><strong>late</strong></span> <span class='ocrx_word' id='word_1_211' title='bbox 1373 1562 1530 1612; x_wconf 86' lang='lat' dir='ltr'><strong>patens</strong></span> <span class='ocrx_word' id='word_1_212' title='bbox 1553 1572 1668 1599; x_wconf 79' lang='lat' dir='ltr'><strong>sum-</strong></span> 
     </span>
     <span class='ocr_line' id='line_1_25' title="bbox 187 1609 1670 1676; baseline 0.003 -24"><span class='ocrx_word' id='word_1_213' title='bbox 187 1624 284 1652; x_wconf 85' lang='lat' dir='ltr'><strong>mae</strong></span> <span class='ocrx_word' id='word_1_214' title='bbox 303 1609 592 1665; x_wconf 71' lang='lat' dir='ltr'><strong>improbitatis</strong></span> <span class='ocrx_word' id='word_1_215' title='bbox 611 1610 894 1676; x_wconf 73' lang='lat' dir='ltr'><strong>opprobrium</strong></span> <span class='ocrx_word' id='word_1_216' title='bbox 925 1615 1028 1668; x_wconf 88' lang='lat' dir='ltr'><strong>post</strong></span> <span class='ocrx_word' id='word_1_217' title='bbox 1056 1609 1290 1666; x_wconf 79' lang='lat' dir='ltr'><strong>invidiam,</strong></span> <span class='ocrx_word' id='word_1_218' title='bbox 1320 1611 1497 1655; x_wconf 88' lang='lat' dir='ltr'><strong>caedem</strong></span> <span class='ocrx_word' id='word_1_219' title='bbox 1530 1619 1574 1656; x_wconf 91' lang='lat' dir='ltr'><strong>et</strong></span> <span class='ocrx_word' id='word_1_220' title='bbox 1600 1629 1670 1656; x_wconf 90' lang='lat' dir='ltr'><strong>cc-</strong></span> 
     </span>
     <span class='ocr_line' id='line_1_26' title="bbox 187 1667 1671 1725; baseline 0.003 -17"><span class='ocrx_word' id='word_1_221' title='bbox 187 1671 283 1709; x_wconf 85' lang='lat' dir='ltr'><strong>tera</strong></span> <span class='ocrx_word' id='word_1_222' title='bbox 323 1668 525 1721; x_wconf 85' lang='lat' dir='ltr'><strong>angustis</strong></span> <span class='ocrx_word' id='word_1_223' title='bbox 560 1667 780 1708; x_wconf 81' lang='lat' dir='ltr'><strong>limitibus</strong></span> <span class='ocrx_word' id='word_1_224' title='bbox 813 1667 1146 1725; x_wconf 83' lang='lat' dir='ltr'><strong>circumscripta</strong></span> <span class='ocrx_word' id='word_1_225' title='bbox 1174 1668 1283 1711; x_wconf 69' lang='lat' dir='ltr'><strong>vitia</strong></span> <span class='ocrx_word' id='word_1_226' title='bbox 1314 1670 1427 1711; x_wconf 83' lang='lat' dir='ltr'><strong>male</strong></span> <span class='ocrx_word' id='word_1_227' title='bbox 1459 1671 1671 1713; x_wconf 86' lang='lat' dir='ltr'><strong>collocari</strong></span> 
     </span>
     <span class='ocr_line' id='line_1_27' title="bbox 188 1721 1673 1781; baseline 0.003 -15"><span class='ocrx_word' id='word_1_228' title='bbox 188 1722 502 1776; x_wconf 80' lang='lat' dir='ltr'><strong>observarunt,</strong></span> <span class='ocrx_word' id='word_1_229' title='bbox 529 1728 579 1765; x_wconf 88' lang='lat' dir='ltr'><strong>ut</strong></span> <span class='ocrx_word' id='word_1_230' title='bbox 596 1723 762 1777; x_wconf 64' lang='lat' dir='ltr'><strong>Elam,</strong></span> <span class='ocrx_word' id='word_1_231' title='bbox 795 1721 983 1766; x_wconf 79' lang='lat' dir='ltr'><strong>Paulum</strong></span> <span class='ocrx_word' id='word_1_232' title='bbox 1005 1725 1182 1780; x_wconf 85' lang='lat' dir='ltr'><strong>singula</strong></span> <span class='ocrx_word' id='word_1_233' title='bbox 1213 1725 1445 1781; x_wconf 85' lang='lat' dir='ltr'><strong>gentilium</strong></span> <span class='ocrx_word' id='word_1_234' title='bbox 1474 1727 1673 1771; x_wconf 81' lang='lat' dir='ltr'><strong>facinora</strong></span> 
     </span>
     <span class='ocr_line' id='line_1_28' title="bbox 186 1780 1671 1839; baseline 0.004 -17"><span class='ocrx_word' id='word_1_235' title='bbox 186 1780 249 1822; x_wconf 84' lang='lat' dir='ltr'><strong>ita</strong></span> <span class='ocrx_word' id='word_1_236' title='bbox 277 1794 532 1834; x_wconf 82' lang='lat' dir='ltr'><strong>recensere,</strong></span> <span class='ocrx_word' id='word_1_237' title='bbox 569 1785 618 1822; x_wconf 90' lang='lat' dir='ltr'><strong>ut</strong></span> <span class='ocrx_word' id='word_1_238' title='bbox 649 1794 790 1837; x_wconf 86' lang='lat' dir='ltr'><strong>neque</strong></span> <span class='ocrx_word' id='word_1_239' title='bbox 822 1781 1015 1823; x_wconf 85' lang='lat' dir='ltr'><strong>ambitus</strong></span> <span class='ocrx_word' id='word_1_240' title='bbox 1043 1796 1194 1824; x_wconf 87' lang='lat' dir='ltr'><strong>eorum</strong></span> <span class='ocrx_word' id='word_1_241' title='bbox 1223 1797 1276 1825; x_wconf 91' lang='lat' dir='ltr'><strong>ue</strong></span> <span class='ocrx_word' id='word_1_242' title='bbox 1341 1796 1365 1825; x_wconf 87' lang='lat' dir='ltr'><strong>e</strong></span> <span class='ocrx_word' id='word_1_243' title='bbox 1396 1785 1671 1839; x_wconf 84' lang='lat' dir='ltr'><strong>cognationis</strong></span> 
     </span>
     <span class='ocr_line' id='line_1_29' title="bbox 187 1836 1670 1899; baseline 0.003 -20"><span class='ocrx_word' id='word_1_244' title='bbox 187 1836 402 1879; x_wconf 88' lang='lat' dir='ltr'><strong>rationem</strong></span> <span class='ocrx_word' id='word_1_245' title='bbox 427 1836 611 1879; x_wconf 85' lang='lat' dir='ltr'><strong>haberet</strong></span> <span class='ocrx_word' id='word_1_246' title='bbox 633 1851 718 1879; x_wconf 91' lang='lat' dir='ltr'><strong>non</strong></span> <span class='ocrx_word' id='word_1_247' title='bbox 737 1839 1030 1881; x_wconf 89' lang='lat' dir='ltr'><strong>meminerunt</strong></span> <span class='ocrx_word' id='word_1_248' title='bbox 1051 1839 1129 1895; x_wconf 88' lang='lat' dir='ltr'><strong>(cf.</strong></span> <span class='ocrx_word' id='word_1_249' title='bbox 1151 1838 1208 1881; x_wconf 84' lang='lat' dir='ltr'><strong>ad</strong></span> <span class='ocrx_word' id='word_1_250' title='bbox 1229 1854 1270 1883; x_wconf 73' lang='lat' dir='ltr'><strong>v.</strong></span> <span class='ocrx_word' id='word_1_251' title='bbox 1290 1845 1298 1856; x_wconf 81' lang='lat'><strong>⁴</strong></span> <span class='ocrx_word' id='word_1_252' title='bbox 1320 1841 1385 1894; x_wconf 82' lang='lat'><strong>9.)</strong></span> <span class='ocrx_word' id='word_1_253' title='bbox 1414 1842 1670 1899; x_wconf 86' lang='lat' dir='ltr'><strong>pariterque</strong></span> 
     </span>
     <span class='ocr_line' id='line_1_30' title="bbox 185 1892 1672 1952; baseline 0.003 -16"><span class='ocrx_word' id='word_1_254' title='bbox 185 1894 277 1936; x_wconf 88' lang='lat' dir='ltr'><strong>late</strong></span> <span class='ocrx_word' id='word_1_255' title='bbox 339 1898 462 1936; x_wconf 84' lang='lat' dir='ltr'><strong>atere</strong></span> <span class='ocrx_word' id='word_1_256' title='bbox 495 1892 612 1950; x_wconf 87' lang='lat' dir='ltr'><strong>quod</strong></span> <span class='ocrx_word' id='word_1_257' title='bbox 649 1892 698 1938; x_wconf 89' lang='grc' dir='ltr'><strong>Ρ.</strong></span> <span class='ocrx_word' id='word_1_258' title='bbox 730 1894 879 1937; x_wconf 74' lang='lat' dir='ltr'><strong>verbis</strong></span> <span class='ocrx_word' id='word_1_259' title='bbox 913 1892 1157 1952; x_wconf 75' lang='grc' dir='ltr'><strong><em>ἐφευρετὰς</em></strong></span> <span class='ocrx_word' id='word_1_260' title='bbox 1187 1897 1327 1939; x_wconf 78' lang='grc' dir='ltr'><strong><em>κακῶν</em></strong></span> <span class='ocrx_word' id='word_1_261' title='bbox 1359 1902 1403 1939; x_wconf 91' lang='lat' dir='ltr'><strong>et</strong></span> <span class='ocrx_word' id='word_1_262' title='bbox 1433 1895 1672 1949; x_wconf 81' lang='grc' dir='ltr'><strong><em>ἀσυνέτους</em></strong></span> 
     </span>
     <span class='ocr_line' id='line_1_31' title="bbox 186 1948 1672 2012; baseline 0.003 -20"><span class='ocrx_word' id='word_1_263' title='bbox 186 1964 312 2008; x_wconf 90' lang='lat' dir='ltr'><strong>comp</strong></span> <span class='ocrx_word' id='word_1_264' title='bbox 334 1964 439 1992; x_wconf 83' lang='lat' dir='ltr'><strong>exus</strong></span> <span class='ocrx_word' id='word_1_265' title='bbox 473 1955 542 1993; x_wconf 90' lang='lat' dir='ltr'><strong>est</strong></span> <span class='ocrx_word' id='word_1_266' title='bbox 571 1951 716 1993; x_wconf 89' lang='lat' dir='ltr'><strong>minus</strong></span> <span class='ocrx_word' id='word_1_267' title='bbox 744 1950 1098 1997; x_wconf 80' lang='lat' dir='ltr'><strong>considerarunt.</strong></span> <span class='ocrx_word' id='word_1_268' title='bbox 1158 1948 1396 2008; x_wconf 58' lang='grc' dir='ltr'><strong><em>ὑβριστὰς,</em></strong></span> <span class='ocrx_word' id='word_1_269' title='bbox 1428 1952 1672 2012; x_wconf 64' lang='grc' dir='ltr'><strong>ὑπερηφά-</strong></span> 
     </span>
     <span class='ocr_line' id='line_1_32' title="bbox 186 2002 1671 2078; baseline 0.004 -30"><span class='ocrx_word' id='word_1_270' title='bbox 186 2021 311 2056; x_wconf 76' lang='grc' dir='ltr'><strong><em>νους,</em></strong></span> <span class='ocrx_word' id='word_1_271' title='bbox 345 2002 582 2064; x_wconf 75' lang='grc' dir='ltr'><strong><em>ἀλαζόνας]</em></strong></span> <span class='ocrx_word' id='word_1_272' title='bbox 619 2007 742 2050; x_wconf 84' lang='lat' dir='ltr'><strong>Haec</strong></span> <span class='ocrx_word' id='word_1_273' title='bbox 762 2009 850 2050; x_wconf 86' lang='lat' dir='ltr'><strong>tria</strong></span> <span class='ocrx_word' id='word_1_274' title='bbox 872 2022 913 2052; x_wconf 76' lang='lat' dir='ltr'><strong>v.</strong></span> <span class='ocrx_word' id='word_1_275' title='bbox 946 2023 1181 2078; x_wconf 71' lang='lat' dir='ltr'><strong>perversos</strong></span> <span class='ocrx_word' id='word_1_276' title='bbox 1215 2010 1493 2065; x_wconf 78' lang='lat' dir='ltr'><strong>superborum</strong></span> <span class='ocrx_word' id='word_1_277' title='bbox 1525 2026 1671 2054; x_wconf 85' lang='lat' dir='ltr'><strong>mores</strong></span> 
     </span>
     <span class='ocr_line' id='line_1_33' title="bbox 186 2061 1672 2124; baseline 0.005 -19"><span class='ocrx_word' id='word_1_278' title='bbox 186 2064 553 2121; x_wconf 85' lang='lat' dir='ltr'><strong>complectuntur.</strong></span> <span class='ocrx_word' id='word_1_279' title='bbox 611 2063 731 2107; x_wconf 83' lang='lat' dir='ltr'><strong>Nam</strong></span> <span class='ocrx_word' id='word_1_280' title='bbox 755 2061 959 2121; x_wconf 66' lang='grc' dir='ltr'><strong><em>ὕβρισται</em></strong></span> <span class='ocrx_word' id='word_1_281' title='bbox 982 2065 1186 2108; x_wconf 88' lang='lat' dir='ltr'><strong>dicuntur</strong></span> <span class='ocrx_word' id='word_1_282' title='bbox 1208 2066 1284 2124; x_wconf 90' lang='lat' dir='ltr'><strong>qui</strong></span> <span class='ocrx_word' id='word_1_283' title='bbox 1307 2066 1428 2110; x_wconf 81' lang='lat' dir='ltr'><strong>inani</strong></span> <span class='ocrx_word' id='word_1_284' title='bbox 1451 2072 1672 2112; x_wconf 87' lang='lat' dir='ltr'><strong>tumentes</strong></span> 
     </span>
     <span class='ocr_line' id='line_1_34' title="bbox 189 2121 1673 2178; baseline 0.003 -15"><span class='ocrx_word' id='word_1_285' title='bbox 189 2121 397 2178; x_wconf 71' lang='lat' dir='ltr'><strong>superbia</strong></span> <span class='ocrx_word' id='word_1_286' title='bbox 427 2126 505 2163; x_wconf 85' lang='lat' dir='ltr'><strong>aut</strong></span> <span class='ocrx_word' id='word_1_287' title='bbox 533 2121 768 2165; x_wconf 76' lang='lat' dir='ltr'><strong>verborum</strong></span> <span class='ocrx_word' id='word_1_288' title='bbox 797 2123 1061 2165; x_wconf 68' lang='lat' dir='ltr'><strong>contumelia</strong></span> <span class='ocrx_word' id='word_1_289' title='bbox 1094 2123 1210 2166; x_wconf 83' lang='lat' dir='ltr'><strong>alios</strong></span> <span class='ocrx_word' id='word_1_290' title='bbox 1240 2123 1432 2167; x_wconf 90' lang='lat' dir='ltr'><strong>obruunt</strong></span> <span class='ocrx_word' id='word_1_291' title='bbox 1461 2131 1538 2168; x_wconf 82' lang='lat' dir='ltr'><strong>aut</strong></span> <span class='ocrx_word' id='word_1_292' title='bbox 1564 2126 1673 2169; x_wconf 78' lang='lat' dir='ltr'><strong>facti</strong></span> 
     </span>
     <span class='ocr_line' id='line_1_35' title="bbox 186 2175 1673 2239; baseline 0.004 -20"><span class='ocrx_word' id='word_1_293' title='bbox 186 2177 471 2232; x_wconf 82' lang='lat' dir='ltr'><strong>ignominiam</strong></span> <span class='ocrx_word' id='word_1_294' title='bbox 502 2177 558 2220; x_wconf 82' lang='lat' dir='ltr'><strong>iis</strong></span> <span class='ocrx_word' id='word_1_295' title='bbox 588 2178 849 2239; x_wconf 80' lang='lat' dir='ltr'><strong>injungunt3</strong></span> <span class='ocrx_word' id='word_1_296' title='bbox 892 2175 1176 2236; x_wconf 64' lang='grc' dir='ltr'><strong><em>ὑπερήφανοι</em></strong></span> <span class='ocrx_word' id='word_1_297' title='bbox 1207 2187 1421 2224; x_wconf 69' lang='lat' dir='ltr'><strong>vocantur</strong></span> <span class='ocrx_word' id='word_1_298' title='bbox 1450 2182 1527 2238; x_wconf 90' lang='lat' dir='ltr'><strong>qui</strong></span> <span class='ocrx_word' id='word_1_299' title='bbox 1559 2183 1673 2237; x_wconf 84' lang='lat' dir='ltr'><strong>suis,</strong></span> 
     </span>
     <span class='ocr_line' id='line_1_36' title="bbox 188 2235 1672 2294; baseline 0.004 -18"><span class='ocrx_word' id='word_1_300' title='bbox 188 2235 350 2292; x_wconf 90' lang='lat' dir='ltr'><strong>quibus</strong></span> <span class='ocrx_word' id='word_1_301' title='bbox 374 2235 590 2277; x_wconf 91' lang='lat' dir='ltr'><strong>neminem</strong></span> <span class='ocrx_word' id='word_1_302' title='bbox 614 2250 698 2278; x_wconf 87' lang='lat' dir='ltr'><strong>non</strong></span> <span class='ocrx_word' id='word_1_303' title='bbox 721 2250 932 2294; x_wconf 84' lang='lat' dir='ltr'><strong>superare</strong></span> <span class='ocrx_word' id='word_1_304' title='bbox 960 2237 1047 2279; x_wconf 88' lang='lat' dir='ltr'><strong>sibi</strong></span> <span class='ocrx_word' id='word_1_305' title='bbox 1070 2236 1296 2289; x_wconf 75' lang='lat' dir='ltr'><strong>videntur,</strong></span> <span class='ocrx_word' id='word_1_306' title='bbox 1333 2239 1574 2281; x_wconf 72' lang='lat' dir='ltr'><strong>virtutibus</strong></span> <span class='ocrx_word' id='word_1_307' title='bbox 1605 2246 1672 2282; x_wconf 87' lang='lat' dir='ltr'><strong>te-</strong></span> 
     </span>
     <span class='ocr_line' id='line_1_37' title="bbox 188 2291 1671 2353; baseline 0.004 -20"><span class='ocrx_word' id='word_1_308' title='bbox 188 2306 307 2334; x_wconf 87' lang='lat' dir='ltr'><strong>mere</strong></span> <span class='ocrx_word' id='word_1_309' title='bbox 337 2291 481 2334; x_wconf 82' lang='lat' dir='ltr'><strong>inflati</strong></span> <span class='ocrx_word' id='word_1_310' title='bbox 512 2291 624 2335; x_wconf 89' lang='lat' dir='ltr'><strong>alios</strong></span> <span class='ocrx_word' id='word_1_311' title='bbox 652 2297 934 2335; x_wconf 88' lang='lat' dir='ltr'><strong>contemnunt</strong></span> <span class='ocrx_word' id='word_1_312' title='bbox 963 2309 1012 2336; x_wconf 90' lang='lat' dir='ltr'><strong>ac</strong></span> <span class='ocrx_word' id='word_1_313' title='bbox 1042 2294 1114 2337; x_wconf 72' lang='lat' dir='ltr'><strong>vix</strong></span> <span class='ocrx_word' id='word_1_314' title='bbox 1149 2294 1347 2336; x_wconf 86' lang='lat' dir='ltr'><strong>homines</strong></span> <span class='ocrx_word' id='word_1_315' title='bbox 1377 2311 1484 2353; x_wconf 86' lang='lat' dir='ltr'><strong>prae</strong></span> <span class='ocrx_word' id='word_1_316' title='bbox 1513 2311 1560 2339; x_wconf 90' lang='lat' dir='ltr'><strong>se</strong></span> <span class='ocrx_word' id='word_1_317' title='bbox 1589 2295 1671 2339; x_wconf 88' lang='lat' dir='ltr'><strong>du·</strong></span> 
     </span>
     <span class='ocr_line' id='line_1_38' title="bbox 188 2348 1673 2408; baseline 0.005 -19"><span class='ocrx_word' id='word_1_318' title='bbox 188 2353 293 2390; x_wconf 84' lang='lat' dir='ltr'><strong>cunt</strong></span> <span class='ocrx_word' id='word_1_319' title='bbox 334 2349 408 2402; x_wconf 83' lang='lat' dir='ltr'><strong>[cs.</strong></span> <span class='ocrx_word' id='word_1_320' title='bbox 440 2348 668 2408; x_wconf 88' lang='lat' dir='ltr'><strong>Theophr.</strong></span> <span class='ocrx_word' id='word_1_321' title='bbox 702 2349 835 2394; x_wconf 86' lang='lat' dir='ltr'><strong>Char.</strong></span> <span class='ocrx_word' id='word_1_322' title='bbox 868 2350 1042 2406; x_wconf 74' lang='lat'>24‚1.];</span> <span class='ocrx_word' id='word_1_323' title='bbox 1091 2350 1282 2407; x_wconf 90' lang='lat' dir='ltr'><strong>denique</strong></span> <span class='ocrx_word' id='word_1_324' title='bbox 1319 2349 1530 2405; x_wconf 74' lang='grc' dir='ltr'><strong><em>ἀλαζόνες</em></strong></span> <span class='ocrx_word' id='word_1_325' title='bbox 1569 2358 1673 2397; x_wconf 86' lang='lat' dir='ltr'><strong>sunt</strong></span> 
     </span>
     <span class='ocr_line' id='line_1_39' title="bbox 188 2403 1671 2471; baseline 0.005 -25"><span class='ocrx_word' id='word_1_326' title='bbox 188 2406 289 2447; x_wconf 82' lang='lat' dir='ltr'><strong>vani</strong></span> <span class='ocrx_word' id='word_1_327' title='bbox 310 2403 584 2471; x_wconf 83' lang='lat' dir='ltr'><strong>jactatores,</strong></span> <span class='ocrx_word' id='word_1_328' title='bbox 625 2406 826 2449; x_wconf 88' lang='lat' dir='ltr'><strong>homines</strong></span> <span class='ocrx_word' id='word_1_329' title='bbox 855 2407 1064 2462; x_wconf 84' lang='lat' dir='ltr'><strong>gloriosi,</strong></span> <span class='ocrx_word' id='word_1_330' title='bbox 1102 2414 1151 2450; x_wconf 90' lang='lat' dir='ltr'><strong>ut</strong></span> <span class='ocrx_word' id='word_1_331' title='bbox 1171 2407 1472 2452; x_wconf 83' lang='lat' dir='ltr'><strong>Terentianus</strong></span> <span class='ocrx_word' id='word_1_332' title='bbox 1492 2410 1671 2454; x_wconf 85' lang='lat' dir='ltr'><strong>Thraso</strong></span> 
     </span>
     <span class='ocr_line' id='line_1_40' title="bbox 191 2462 1671 2524; baseline 0.005 -22"><span class='ocrx_word' id='word_1_333' title='bbox 191 2465 236 2502; x_wconf 88' lang='lat' dir='ltr'><strong>et</strong></span> <span class='ocrx_word' id='word_1_334' title='bbox 264 2464 390 2505; x_wconf 79' lang='lat' dir='ltr'><strong>miles</strong></span> <span class='ocrx_word' id='word_1_335' title='bbox 423 2462 543 2520; x_wconf 83' lang='lat' dir='ltr'><strong>apud</strong></span> <span class='ocrx_word' id='word_1_336' title='bbox 566 2462 774 2506; x_wconf 87' lang='lat' dir='ltr'><strong>Plautum</strong></span> <span class='ocrx_word' id='word_1_337' title='bbox 807 2465 882 2517; x_wconf 79' lang='lat' dir='ltr'><strong>[cf.</strong></span> <span class='ocrx_word' id='word_1_338' title='bbox 905 2463 1135 2522; x_wconf 87' lang='lat' dir='ltr'><strong>Theophr.</strong></span> <span class='ocrx_word' id='word_1_339' title='bbox 1158 2464 1293 2509; x_wconf 86' lang='lat' dir='ltr'><strong>Char.</strong></span> <span class='ocrx_word' id='word_1_340' title='bbox 1312 2466 1382 2520; x_wconf 85' lang='lat'><strong>23,</strong></span> <span class='ocrx_word' id='word_1_341' title='bbox 1398 2468 1476 2523; x_wconf 86' lang='lat' dir='ltr'>l.].</span> <span class='ocrx_word' id='word_1_342' title='bbox 1532 2465 1671 2524; x_wconf 76' lang='grc' dir='ltr'><strong><em>ἐφευ-</em></strong></span> 
     </span>
     <span class='ocr_line' id='line_1_41' title="bbox 189 2517 1669 2579; baseline 0.006 -21"><span class='ocrx_word' id='word_1_343' title='bbox 189 2517 320 2572; x_wconf 83' lang='grc' dir='ltr'><strong><em>ρετὰς</em></strong></span> <span class='ocrx_word' id='word_1_344' title='bbox 341 2522 502 2573; x_wconf 62' lang='grc' dir='ltr'><strong><em>κακῶν]</em></strong></span> <span class='ocrx_word' id='word_1_345' title='bbox 532 2525 773 2576; x_wconf 77' lang='lat' dir='ltr'><strong>repertores</strong></span> <span class='ocrx_word' id='word_1_346' title='bbox 789 2519 1034 2578; x_wconf 71' lang='lat' dir='ltr'><strong>facinorum</strong></span> <span class='ocrx_word' id='word_1_347' title='bbox 1059 2521 1089 2565; x_wconf 91' lang='lat' dir='ltr'><strong>i.</strong></span> <span class='ocrx_word' id='word_1_348' title='bbox 1105 2536 1144 2566; x_wconf 85' lang='lat' dir='ltr'><strong>c.</strong></span> <span class='ocrx_word' id='word_1_349' title='bbox 1168 2522 1358 2565; x_wconf 78' lang='lat' dir='ltr'><strong>homines</strong></span> <span class='ocrx_word' id='word_1_350' title='bbox 1377 2525 1669 2579; x_wconf 69' lang='lat' dir='ltr'><strong>pessimos.</strong></span> 
     </span>
     <span class='ocr_line' id='line_1_42' title="bbox 188 2572 1671 2636; baseline 0.003 -19"><span class='ocrx_word' id='word_1_351' title='bbox 188 2572 306 2617; x_wconf 81' lang='lat' dir='ltr'><strong>Nam</strong></span> <span class='ocrx_word' id='word_1_352' title='bbox 327 2575 563 2631; x_wconf 82' lang='lat' dir='ltr'><strong>insigniter</strong></span> <span class='ocrx_word' id='word_1_353' title='bbox 587 2577 813 2635; x_wconf 84' lang='lat' dir='ltr'><strong>improbus</strong></span> <span class='ocrx_word' id='word_1_354' title='bbox 847 2582 891 2620; x_wconf 88' lang='lat' dir='ltr'><strong>et</strong></span> <span class='ocrx_word' id='word_1_355' title='bbox 922 2578 1152 2632; x_wconf 80' lang='lat' dir='ltr'><strong>ingeniose</strong></span> <span class='ocrx_word' id='word_1_356' title='bbox 1184 2594 1372 2636; x_wconf 84' lang='lat' dir='ltr'><strong>nequam</strong></span> <span class='ocrx_word' id='word_1_357' title='bbox 1400 2580 1463 2623; x_wconf 85' lang='lat' dir='ltr'><strong>sit</strong></span> <span class='ocrx_word' id='word_1_358' title='bbox 1491 2594 1671 2624; x_wconf 86' lang='lat' dir='ltr'><strong>necesse</strong></span> 
     </span>
     <span class='ocr_line' id='line_1_43' title="bbox 189 2632 1668 2690; baseline 0.005 -16"><span class='ocrx_word' id='word_1_359' title='bbox 189 2634 283 2682; x_wconf 84' lang='lat' dir='ltr'><strong>est,</strong></span> <span class='ocrx_word' id='word_1_360' title='bbox 324 2632 399 2688; x_wconf 89' lang='lat' dir='ltr'><strong>qui</strong></span> <span class='ocrx_word' id='word_1_361' title='bbox 429 2632 486 2674; x_wconf 86' lang='lat' dir='ltr'><strong>ad</strong></span> <span class='ocrx_word' id='word_1_362' title='bbox 516 2633 802 2690; x_wconf 83' lang='lat' dir='ltr'><strong>excogitanda</strong></span> <span class='ocrx_word' id='word_1_363' title='bbox 837 2635 1051 2678; x_wconf 83' lang='lat' dir='ltr'><strong>maleficia</strong></span> <span class='ocrx_word' id='word_1_364' title='bbox 1083 2638 1276 2679; x_wconf 88' lang='lat' dir='ltr'><strong>animum</strong></span> <span class='ocrx_word' id='word_1_365' title='bbox 1316 2636 1533 2682; x_wconf 81' lang='lat' dir='ltr'><strong>intendat.</strong></span> <span class='ocrx_word' id='word_1_366' title='bbox 1598 2635 1668 2681; x_wconf 78' lang='lat' dir='ltr'><strong>Cf.</strong></span> 
     </span>
     <span class='ocr_line' id='line_1_44' title="bbox 189 2685 1671 2751; baseline 0.003 -21"><span class='ocrx_word' id='word_1_367' title='bbox 189 2687 221 2730; x_wconf 81' lang='lat'><strong>2</strong></span> <span class='ocrx_word' id='word_1_368' title='bbox 242 2685 380 2731; x_wconf 79' lang='lat' dir='ltr'><strong>Mace.</strong></span> <span class='ocrx_word' id='word_1_369' title='bbox 402 2690 526 2742; x_wconf 90' lang='lat'><strong>7,31.</strong></span> <span class='ocrx_word' id='word_1_370' title='bbox 554 2689 608 2734; x_wconf 88' lang='lat' dir='ltr'><strong>de</strong></span> <span class='ocrx_word' id='word_1_371' title='bbox 627 2691 854 2734; x_wconf 89' lang='lat' dir='ltr'><strong>Antiocho</strong></span> <span class='ocrx_word' id='word_1_372' title='bbox 884 2690 922 2734; x_wconf 88' lang='lat' dir='ltr'>E</span> <span class='ocrx_word' id='word_1_373' title='bbox 958 2693 1139 2750; x_wconf 81' lang='lat' dir='ltr'><strong>iphane:</strong></span> <span class='ocrx_word' id='word_1_374' title='bbox 1180 2691 1228 2736; x_wconf 76' lang='grc' dir='ltr'><strong>σῖ</strong></span> <span class='ocrx_word' id='word_1_375' title='bbox 1264 2693 1313 2737; x_wconf 77' lang='grc' dir='ltr'><strong>δὲ</strong></span> <span class='ocrx_word' id='word_1_376' title='bbox 1339 2691 1485 2751; x_wconf 70' lang='grc' dir='ltr'><strong><em>πάσης</em></strong></span> <span class='ocrx_word' id='word_1_377' title='bbox 1515 2691 1671 2743; x_wconf 76' lang='grc' dir='ltr'><strong><em>κακίας</em></strong></span> 
     </span>
     <span class='ocr_line' id='line_1_45' title="bbox 192 2708 1670 2806; baseline 0.008 -19"><span class='ocrx_word' id='word_1_378' title='bbox 192 2739 373 2800; x_wconf 59' lang='grc' dir='ltr'><strong><em>εὑρετὴς</em></strong></span> <span class='ocrx_word' id='word_1_379' title='bbox 412 2746 641 2800; x_wconf 73' lang='grc' dir='ltr'><strong><em>γενόμενος</em></strong></span> <span class='ocrx_word' id='word_1_380' title='bbox 679 2746 744 2799; x_wconf 82' lang='grc' dir='ltr'><strong>εἷς</strong></span> <span class='ocrx_word' id='word_1_381' title='bbox 776 2747 878 2800; x_wconf 67' lang='grc' dir='ltr'><strong><em>τοὺς</em></strong></span> <span class='ocrx_word' id='word_1_382' title='bbox 899 2708 1132 2806; x_wconf 44' lang='grc' dir='ltr'><strong>ιἓμὲῒραιόνς</strong></span> <span class='ocrx_word' id='word_1_383' title='bbox 1165 2746 1216 2793; x_wconf 73' lang='grc' dir='ltr'><strong>οὗ</strong></span> <span class='ocrx_word' id='word_1_384' title='bbox 1247 2749 1304 2805; x_wconf 77' lang='grc' dir='ltr'><strong>μή</strong></span> <span class='ocrx_word' id='word_1_385' title='bbox 1341 2748 1561 2806; x_wconf 78' lang='grc' dir='ltr'><strong><em>διαφύ·’ῃς</em></strong></span> <span class='ocrx_word' id='word_1_386' title='bbox 1591 2745 1670 2799; x_wconf 71' lang='lat' dir='ltr'><strong>wig</strong></span> 
     </span>
     <span class='ocr_line' id='line_1_46' title="bbox 192 2802 1673 2864; baseline 0.005 -22"><span class='ocrx_word' id='word_1_387' title='bbox 192 2802 343 2857; x_wconf 83' lang='grc' dir='ltr'><strong><em>χεῖρας</em></strong></span> <span class='ocrx_word' id='word_1_388' title='bbox 361 2803 442 2842; x_wconf 80' lang='grc' dir='ltr'><strong>τοῦ</strong></span> <span class='ocrx_word' id='word_1_389' title='bbox 463 2804 588 2845; x_wconf 70' lang='grc' dir='ltr'><strong><em>θεοῦ.</em></strong></span> <span class='ocrx_word' id='word_1_390' title='bbox 649 2804 797 2849; x_wconf 87' lang='lat' dir='ltr'><strong>Tacit.</strong></span> <span class='ocrx_word' id='word_1_391' title='bbox 818 2807 989 2850; x_wconf 82' lang='lat' dir='ltr'><strong>Annal.</strong></span> <span class='ocrx_word' id='word_1_392' title='bbox 1021 2806 1166 2859; x_wconf 69' lang='lat'><strong>4‚11..</strong></span> <span class='ocrx_word' id='word_1_393' title='bbox 1226 2806 1315 2850; x_wconf 89' lang='lat' dir='ltr'><strong>Sed</strong></span> <span class='ocrx_word' id='word_1_394' title='bbox 1348 2807 1448 2864; x_wconf 84' lang='lat' dir='ltr'><strong>quia</strong></span> <span class='ocrx_word' id='word_1_395' title='bbox 1514 2805 1673 2864; x_wconf 75' lang='lat' dir='ltr'><strong>ejanus</strong></span> 
     </span>
     <span class='ocr_line' id='line_1_47' title="bbox 198 2856 1669 2920; baseline 0.003 -19"><span class='ocrx_word' id='word_1_396' title='bbox 198 2856 440 2915; x_wconf 70' lang='lat' dir='ltr'><strong>sucinorum</strong></span> <span class='ocrx_word' id='word_1_397' title='bbox 465 2860 649 2904; x_wconf 76' lang='lat' dir='ltr'><strong>onmium</strong></span> <span class='ocrx_word' id='word_1_398' title='bbox 672 2867 867 2917; x_wconf 76' lang='lat' dir='ltr'><strong>repertor</strong></span> <span class='ocrx_word' id='word_1_399' title='bbox 899 2863 1144 2906; x_wconf 83' lang='lat' dir='ltr'><strong>habebatur</strong></span> <span class='ocrx_word' id='word_1_400' title='bbox 1162 2889 1213 2898; x_wconf 88' lang='lat'>—</span> <span class='ocrx_word' id='word_1_401' title='bbox 1238 2863 1436 2920; x_wconf 77' lang='lat' dir='ltr'><strong>quamvis</strong></span> <span class='ocrx_word' id='word_1_402' title='bbox 1466 2862 1669 2907; x_wconf 75' lang='lat' dir='ltr'><strong>sabulosa</strong></span> 
     </span>
    </p>
   </div>
  </div>
 </body>
</html>
