1752 3347
233 173 322 217 240
518 168 898 220 EPISTOLA
932 167 1033 211 AD
1064 167 1426 216 ROMANOS

236 280 333 337 ejus
356 276 632 328 Abrahami,
660 275 736 333 qui
756 274 958 318 nostrum
979 275 1169 317 omnium
1194 279 1411 332 quotquot
1430 277 1557 320 tidem
1576 293 1704 336 prae-

232 338 387 379 bemus
410 348 572 392 parens
592 337 661 374 est
683 357 739 364 —
756 332 880 385 Deo,
911 332 980 374 cui
1002 332 1130 374 fidem
1150 332 1221 389 pie
1243 332 1419 378 Abrah.
1441 332 1608 388 habuit,
1626 336 1704 395 ju-
1747 371 1752 379 ,

233 391 356 445 dice,
417 392 461 433 ui
480 394 670 432 mortuos
696 389 742 431 in
759 390 893 431 vitam
910 393 1081 432 revocat
1107 395 1150 430 et
1166 388 1356 430 homines
1374 391 1557 431 noudum
1578 392 1620 432 in
1637 394 1702 436 Iu-

233 464 326 492 cem
352 463 374 490 e
406 449 486 490 itos
513 451 723 501 tanquam
752 445 894 488 editos
925 446 983 487 ml
1006 446 1139 488 vitam
1167 450 1391 488 aeternam
1416 446 1575 487 invitat
1611 447 1643 490 i.
1662 463 1704 494 e.

232 505 332 566 ejus
362 503 637 555 Abrahami,
683 516 810 558 quem
840 500 1042 544 nostrum
1073 501 1262 544 omnium
1291 500 1420 544 tidem
1452 502 1705 548 habentium

229 567 303 618 (ut
328 561 549 619 promisso
569 559 826 614 Abrahamo
855 559 958 601 dato
987 559 1233 616 potiremur
1255 573 1296 602 v.
1322 560 1390 602 13.
1416 562 1505 613 16.)
1534 565 1706 617 patrem

233 620 357 663 Deus
383 617 438 658 ab
469 617 557 659 illo·
578 617 649 672 pie
683 617 828 658 cultus
857 615 1121 670 declaravit,
1160 616 1232 672 (μα’
1259 631 1388 673 quum
1421 624 1614 658 mortuos
1635 621 1707 672 (ut

231 676 461 720 Christum
489 688 530 718 v.
561 673 658 728 2⁴.)
686 673 731 715 in
759 674 893 716 vitam
927 674 1134 716 restituat
1162 677 1207 714 et
1234 670 1424 715 nondum
1454 680 1581 716 natos
1607 680 1707 716 tan-

232 747 364 790 quam
395 736 521 773 natos
558 729 615 772 ad
646 729 780 774 vitam
819 735 1044 773 aeternam
1085 730 1241 772 invitet
1276 734 1345 785 (ut
1385 745 1461 772 nos
1502 731 1706 773 invitavit

229 788 493 834 ,Abrahamo
514 787 626 834 Gen.
651 789 727 841 17,
749 788 791 831 5.
820 789 1056 830 multarum
1078 787 1304 829 nationum
1333 793 1515 844 parente
1541 788 1706 831 consti-

233 847 352 901 tuto)
382 845 453 887 vel
482 859 567 888 non
591 845 819 887 viventium
846 846 1066 887 fortunam
1100 842 1356 886 moderatur
1383 844 1427 888 h.
1448 859 1486 887 e.
1517 846 1705 900 omnipo·
1748 852 1752 880 1

228 909 328 947 tens
357 906 443 945 cst.
501 901 682 959 (Specie
708 902 849 956 magis
878 917 1004 959 quam
1032 916 1079 943 rc
1112 901 1197 942 iste
1219 915 1326 941 usus
1345 914 1387 943 v.
1412 901 1559 942 καλεῖν
1577 902 1620 942 in
1644 900 1707 947 N.
1750 937 1752 945 .

229 960 292 1005 T.
311 957 547 1002 coneordat
571 973 666 1000 cum
687 969 775 1016 &332
793 958 887 1003 JeS.
914 959 997 1011 42,
1017 960 1058 1002 6.
1089 957 1170 1009 48,
1198 957 1267 999 12.
1295 962 1338 998 et
1360 957 1458 1000 sim.
1479 958 1529 1001 l..
1587 955 1707 1001 Nam
1729 977 1739 987 ·

228 1014 274 1062 ¹1².
295 1017 440 1059 καλεῖν
470 1016 677 1058 invitandi
710 1015 831 1056 notio
865 1017 1041 1065 sul:est3
1072 1019 1288 1065 contr-‘1¹¹5
1309 1027 1397 1073 ⁸37.
1419 1013 1471 1056 de
1491 1010 1706 1068 Jehovah‚
1750 1047 1752 1055 .

229 1080 441 1131 tanquam
460 1087 582 1127 recle,
615 1073 706 1113 illic
732 1071 894 1113 dictum
922 1077 1043 1113 notat
1071 1069 1445 1128 alicujus'nomen
1473 1072 1705 1114 enuntiare
1749 1074 1752 1124 j

230 1132 277 1176 h.
301 1146 341 1175 e.
364 1129 495 1173 decus
526 1129 571 1170 in
602 1130 794 1185 aliquem
817 1129 1033 1171 conferre.
1094 1126 1275 1170 Scilicet
1294 1142 1466 1182 eorum,
1495 1143 1606 1186 quos
1626 1129 1707 1171 ho-
1748 1136 1752 1148 ¹

230 1187 417 1231 noribus
441 1186 687 1244 praefectos
708 1186 882 1238 volunt,
912 1185 1085 1226 nomina
1117 1190 1160 1226 et
1185 1184 1329 1226 sciunt
1357 1199 1486 1241 reges
1511 1190 1553 1226 et
1575 1191 1717 1228 usur-'

264 1251 364 1299 ant,
393 1243 574 1286 humilis
596 1242 717 1297 vulgi
740 1242 964 1295 homines,
995 1256 1180 1298 quorum
1204 1242 1420 1284 rationem
1454 1242 1607 1284 haberi
1628 1248 1715 1297 υθέ

206 1261 353 1357 illut,
399 1315 477 1342 nec
515 1299 662 1341 sciunt
698 1301 776 1355 qui
813 1306 1023 1342 vocentur
1060 1314 1135 1342 nce
1165 1308 1338 1344 curant:
1387 1299 1481 1344 JeS.
1511 1301 1592 1353 49,
1625 1300 1709 1354 1.).

230 1357 409 1416 Quodsi
441 1357 486 1398 in
522 1356 610 1398 ista
649 1356 945 1414 explicatione
983 1355 1096 1398 nude
1123 1357 1316 1414 positum
1345 1357 1582 1406 καλοῦντος
1615 1357 1708 1398 cui-

228 1417 350 1476 piam
387 1413 648 1471 displiceat,
696 1428 829 1469 quum
869 1415 1041 1471 plenam
1089 1413 1325 1457 dictionem
1365 1415 1439 1456 καὶ
1485 1411 1569 1464 εἰς
1613 1413 1707 1470 τὴν

232 1469 473 1516 αἰώνιον
506 1468 643 1526 ζωὴ-ν
672 1471 911 1521 καλοῦντος
944 1473 967 1513 l
1000 1471 1120 1515 Tim.
1148 1474 1198 1526 6,
1228 1471 1296 1514 12.
1331 1470 1622 1528 exspectarit,
1663 1469 1704 1512 ei
1749 1499 1752 1505 -

228 1530 313 1573 hoc
342 1543 477 1571 unum
513 1531 679 1580 restat,
710 1531 759 1568 ut
787 1526 997 1579 Lumeri,
1031 1528 1226 1581 Elsneri,
1264 1527 1448 1578 Meum„
1480 1527 1708 1580 (Tar-pzork·

228 1589 290 1631 al.
319 1584 671 1628 enarrationem:
709 1588 753 1625 et
785 1583 859 1638 qui
888 1598 1000 1639 (piae
1025 1598 1108 1625 non
1137 1589 1236 1626 sunt
1264 1583 1317 1638 (i.
1339 1598 1378 1627 e.
1409 1583 1498 1625 u'tzi
1531 1585 1705 1638 carent)

227 1647 358 1687 vocat
386 1647 433 1684 ut
458 1640 545 1682 sint
572 1639 639 1697 (h.
667 1653 705 1682 e.
734 1638 906 1682 vivant:
946 1654 984 1682 v.
1012 1637 1173 1683 Matth.
1204 1641 1255 1692 2,
1287 1639 1354 1683 18.
1414 1639 1523 1683 Eur.
1552 1639 1712 1706 lphig.

229 1700 290 1744 T.
309 1697 409 1742 565.
439 1692 505 1751 ἆρ’
537 1693 673 1746 εἷσίν;
704 1690 771 1751 ἆρ’
793 1692 869 1737 οὐκ
890 1693 1031 1748 cloia)
1062 1696 1232 1738 idoneis
1262 1697 1535 1751 argumentis
1567 1696 1708 1738 stabi-

228 1756 356 1801 litam
384 1752 605 1796 defendat.
663 1753 735 1795 Ae
762 1752 928 1794 frustra
962 1768 1089 1805 sanc,
1129 1759 1176 1795 ut
1205 1751 1263 1804 ὡς
1291 1751 1396 1797 ὄντα
1425 1753 1454 1796 i.
1488 1767 1531 1810 q.
1563 1751 1629 1803 εἰς
1652 1746 1706 1796 ‘cd

229 1809 345 1857 εἶναι
403 1812 540 1853 ollere
568 1808 850 1852 ostenderent
890 1814 965 1852 aut
1001 1811 1285 1866 loquutiones
1321 1810 1451 1867 plane
1479 1810 1707 1864 legitimas

230 1884 459 1926 παραγω
489 1866 788 1924 (ΡΙιίῙορὶἰΐΡίε
818 1881 856 1910 c.
887 1868 1000 1921 l3.)‚
1032 1863 1321 1922 ἀναφαίνω
1351 1863 1504 1920 (Philo
1533 1867 1586 1908 de
1608 1862 1708 1908 Moss

229 1943 279 1970 se
306 1928 339 1970 l.
370 1923 464 1968 III.
492 1922 562 1967 ed.
592 1922 741 1978 Mang.
771 1921 850 1975 II,
871 1925 991 1975 176.)
1019 1940 1058 1965 τι
1097 1923 1142 1966 ἐκ
1168 1924 1252 1964 τῶν
1276 1921 1336 1976 μ’)
1371 1917 1506 1964 ἷὶντων
1535 1921 1619 1973 εἰς
1644 1922 1705 1966 τὸ
1746 1924 1752 1960 .’

230 1978 404 2036 εἶναι,
435 1979 490 2022 τὰ
518 1977 579 2036 μὴ
610 1974 714 2021 ῗίντα
740 1980 887 2020 καλεῖν
916 1976 999 2029 εἷς
1029 1976 1088 2021 τὸ
1121 1973 1265 2021 εἶναι
1296 1978 1449 2031 (Philo
1480 1979 1532 2021 de
1563 1979 1707 2023 Justi-
1750 1998 1752 2002 ·

228 2042 294 2084 tia
326 2039 396 2084 ed.
417 2037 567 2093 Maug.
590 2034 667 2089 ΙΙ,
685 2036 808 2107 367.)
827 2036 1040 2078 antestati
1058 2041 1184 2088 sunt,
1213 2040 1314 2089 aut,
1345 2041 1393 2078 ut
1413 2037 1557 2088 ΒΑΜ,
1582 2037 1619 2080 1.
1639 2041 1707 2079 at·
1747 2077 1752 2085 ,

228 2098 456 2149 tulerunt,
493 2094 536 2136 in
570 2093 732 2150 quibus
765 2108 824 2143 ως
854 2091 1115 2151 Participiis
1149 2093 1218 2136 vel
1244 2093 1383 2135 forma
1416 2093 1495 2136 sua
1524 2094 1593 2136 vel
1621 2108 1708 2138 usu
1743 2090 1752 2143 ἶ

229 2154 446 2212 temporis
474 2151 614 2194 futuri
640 2150 920 2210 adjungitur,
958 2156 1007 2193 ut
1039 2165 1130 2192 rem
1159 2150 1352 2192 suturam
1372 2149 1542 2192 Futuro
1570 2165 1708 2194 enun-

230 2213 389 2255 tiatam
416 2206 635 2252 efficiendi
667 2207 898 2251 consilium
926 2214 1069 2250 mente
1108 2207 1300 2263 aliquem
1332 2207 1502 2265 cepisse
1545 2207 1715 2251 indicet·
1748 2212 1752 2222 ¹

231 2276 294 2322 (v.
324 2267 546 2311 Matthiae
583 2267 689 2320 oussf.
727 2280 787 2320 gr.
819 2266 895 2312 (ὅτ.
931 2278 974 2322 p.
1005 2265 1131 2309 1120.
1162 2266 1254 2320 sq.)
1293 2264 1498 2321 Xenoph.
1531 2263 1637 2320 Cyr.
1665 2265 1713 2319 l,‘

231 2326 277 2371 3.
304 2327 385 2377 ll:
404 2319 562 2378 ἐπειδὴ
599 2322 647 2364 δὲ
679 2317 943 2377 ἡΠΙανδάνη
973 2318 1329 2376 παρεσκευάζετο
1362 2317 1430 2371 ὡς
1460 2317 1707 2364 ἀπιοῦσα

230 2386 386 2440 (quum
417 2406 471 2412 —-
507 2393 554 2421 se
583 2383 863 2437 componeret
903 2383 949 2421 ut
976 2378 1147 2420 abian-a
1175 2377 1206 2420 i.
1236 2394 1274 2421 c.
1311 2382 1485 2435 captum
1516 2375 1708 2420 abeundi

230 2440 466 2482 consilium
495 2436 592 2493 ipso
623 2439 840 2494 apparatu
869 2434 1121 2486 declarans)
1147 2431 1283 2476 πάλιν
1310 2434 1426 2489 πρὸς
1455 2433 1530 2476 ’τὸν
1554 2428 1633 2476 {M
1690 2464 1704 2485 ‚

232 2495 377 2539 ἐδεῖτο
405 2493 541 2549 αὐτῆς
565 2490 588 2535 ὃ
609 2488 854 2549 Ἀστυάγνς
880 2492 1140 2534 καταλιπεῖν
1167 2489 1242 2532 τὸν
1260 2492 1424 2546 Κῦρον.
1474 2490 1624 2534 Aristi
1655 2503 1704 2532 es

232 2567 348 2597 sacr.
367 2567 500 2595 serm.
528 2549 583 2593 V.
606 2563 648 2607 p.
669 2549 771 2594 622.
801 2530 930 2592 Cant.
960 2545 1197 2601 ἀνίσταμαι
1216 2548 1289 2589 καὶ
1321 2562 1346 2587 σ
1362 2561 1487 2591 ινσκε
1503 2545 1703 2599 muigeo-

231 2612 337 2650 θαι
368 2613 462 2658 τοῖς
491 2605 684 2657 οἰκέταις
710 2605 850 2649 εἰπὼν
880 2604 949 2655 ὡς
978 2602 1176 2647 αὐτίκα
1209 2600 1475 2654 ἐξιόντας
1502 2608 1573 2660 (ut
1600 2615 1703 2644 con-

233 2666 357 2708 tinuo
389 2667 473 2707 iter
510 2663 706 2706 facturos
739 2663 769 2706 i.
798 2678 837 2708 e.
862 2667 913 2705 ut
940 2677 1050 2719 quos
1075 2662 1297 2718 extemplo
1328 2677 1373 2703 sc.
1410 2661 1555 2703 itineri
1587 2673 1704 2700 com·

233 2722 411 2765 mittere
451 2722 650 2773 vellem),
698 2718 935 2776 ἐξιζλαυιόι·
963 2745 1039 2762 -.
1089 2717 1273 2775 'Neque
1316 2718 1488 2760 felicius
1533 2715 1705 2768 Van-r„

234 2784 285 2823 ut
321 2777 503 2820 Lutlwre'
537 2777 875 2834 explicationem
912 2777 1130 2826 firmaret,
1179 2773 1230 2820 P.
1271 2780 1534 2817 structuram
1578 2771 1705 2817 hebr.

231 2848 261 2889 τῷ
292 2839 341 2898 “52
371 2838 448 2880 ετξ.)
474 2836 582 2893 (ῑζξ)
609 2835 828 2877 imitatum
854 2847 953 2876 esse
989 2830 1229 2880 contendit.
1297 2830 1422 2888 Quae
1461 2843 1592 2885 quum
1620 2825 1706 2870 huc
1748 2833 1752 2843 “

1634 2899 1704 2927 re-
