1752 3347
161 108 249 151 414
445 101 824 147 EPISTOLA
864 103 965 147 ΛΙ)
996 102 1359 149 ROMANOS

158 211 316 263 storia,
355 209 476 252 varie
507 209 620 253 hunc
653 209 687 254 1.
716 209 772 252 ab
799 209 1197 268 interpolatoribus
1221 216 1266 254 et
1288 211 1636 269 explicatoribus

158 270 371 310 tentatum
403 281 524 319 esse,
573 271 619 308 ut
648 273 725 309 aut
753 269 876 310 nulla
906 269 978 310 hic
1009 274 1129 311 esset
1157 268 1394 311 antithesis
1414 275 1488 310 aut
1509 285 1637 326 quam

155 340 177 366 a
215 328 301 365 tam
333 323 402 365 illi
429 323 779 368 existimassent.
854 322 956 367 Huc
986 330 1077 367 tum
1105 326 1237 368 lectio
1258 326 1453 383 pertinet
1478 340 1500 368 e
1519 328 1636 368 libro

156 340 516 425 Igaedestinatus
547 380 615 425 ed.
645 381 861 425 sirmond.
888 382 920 435 l,
940 382 1043 425 567.
1076 388 1278 426 enotata:
1319 383 1505 425 nescitis
1534 385 1637 440 quia

154 437 225 480 cui
253 451 330 479 vos
360 450 512 480 servos
540 437 756 480 exhibetis
778 437 833 480 ad
854 438 1144 481 obediendum
1166 440 1282 482 servi
1311 440 1421 482 estis
1441 440 1537 498 ejus
1564 440 1634 482 eui

154 493 345 537 obeditis
368 493 461 536 sive
478 494 718 550 iniquitatis
738 495 796 537 ad
817 501 1041 550 peccatam
1066 497 1153 538 siz-e
1170 495 1380 552 justitiae
1398 497 1454 538 ad
1471 498 1635 540 sancti-

148 546 430 606 ficationem?
461 551 513 607 (i.
535 566 575 595 e.
595 577 646 582 —
670 545 769 608 ’ἦτοι
789 547 1008 609 ἁμαρτίας
1027 551 1092 601 εἷς
1112 549 1331 608 ἁμαρτίαν
1352 549 1377 610 ἢ
1401 551 1635 596 δικαιοσύ-

151 623 229 664 νης
259 604 321 658 εἷς
340 603 570 662 ἁγιασμόν.
602 623 643 651 v.
668 623 709 653 v·
732 609 801 651 19.
829 610 886 653 cf.
906 610 1039 651 etiam
1057 609 1210 653 Rufini
1236 609 1493 665 (Origenis)
1522 624 1638 652 com·

153 668 286 708 ment.
317 665 580 720 varr.1eet.)
608 670 700 708 tum
723 665 944 724 scriptura
962 667 1018 709 ab
1038 669 1227 710 Armen.
1256 681 1492 724 expressa:
1535 660 1636 724 ἤτοι

143 719 253 774 ιΛμ.
295 718 382 771 εἰς
419 721 544 765 θάν.
585 717 614 778 ἢ
652 722 1041 780 Δικαιοσύνης
1071 721 1153 773 εἷς
1195 721 1348 779 ζωήν.
1437 722 1550 766 Illuc
1591 727 1637 765 et

150 777 382 822 verborum
410 776 475 829 εἷς
498 774 695 821 θάνατον
725 779 1034 833 omissionem,
1071 779 1125 822 de
1145 779 1232 836 quai
1254 794 1367 821 nunc
1391 780 1636 835 quaeritur,

148 849 332 886 revoca,
373 839 418 877 et
445 850 699 893 perversam
730 851 907 889 eorum,
945 837 1020 893 qui
1046 834 1110 887 εἷς
1135 836 1333 878 θάνατον
1356 835 1635 891 damnarunt,

148 891 462 936 vocabulorum
493 889 722 948 ιΥπακοῆς
768 892 834 943 εἰς
875 890 1159 948 δικαιοσύνην
1197 893 1637 950 interpretationem:

147 948 336 1006 obsequii
357 948 566 1005 justitiae
587 949 653 1005 (b.
674 963 714 993 e.
737 945 940 1005 ὑπακοῆς
968 947 1277 1004 δικαιοσύνης,
1315 965 1400 992 non
1431 946 1633 1005 ὑπακοῆς

146 1003 234 1056 εἷς
264 1005 394 1047 δικα
409 1006 642 1061 ιοσύνην
671 1006 728 1050 cf.
748 1012 840 1050 not.
873 1006 929 1048 ad
949 1021 988 1051 v.
1012 1007 1121 1062 17.).
1180 1005 1288 1051 vid.
1309 1006 1432 1051 Clar.
1453 1006 1636 1060 „obedi-

144 1061 283 1106 tionis
298 1061 533 1122 justitiae''
561 1063 694 1119 (hanc
722 1063 1059 1121 explicationem
1084 1077 1181 1106 cum
1207 1064 1386 1117 vulgata
1406 1063 1636 1107 confundit

144 1119 334 1164 Boern.:
365 1119 457 1163 sive
480 1118 771 1163 oboeditionis
783 1119 992 1176 justitiae
1011 1121 1068 1164 ad
1088 1122 1174 1177 [in]
1193 1120 1456 1180 justitiam),
1471 1121 1634 1176 Kopp„

57 1207 87 1225 s
143 1176 367 1222 Ros-enm..
434 1173 640 1226 Θάνατος
661 1182 731 1220 est
750 1192 870 1220 mors
899 1178 1108 1235 physica,
1137 1183 1185 1220 ut
1205 1178 1351 1244 5212..
1372 1193 1458 1244 quo
1489 1178 1632 1236 respi-

144 1234 277 1286 citur,
298 1248 383 1276 non
403 1232 794 1290 miseria(Rueck.)
814 1240 859 1276 et
878 1235 1015 1278 multo
1038 1235 1184 1277 minus
1205 1250 1379 1278 miserta
1402 1251 1444 1277 m
1467 1250 1631 1278 moram

139 1291 425 1346 perversitate
445 1290 614 1345 posita,
651 1306 779 1346 (secam
801 1292 964 1334 Adamz'
987 1291 1162 1348 facinus
1190 1292 1309 1334 nobis
1338 1292 1536 1335 attulerit
1567 1295 1629 1347 (v-

144 1347 267 1390 Elait
289 1347 345 1391 cl.
366 1347 543 1390 Boehm.
575 1352 619 1390 et
651 1348 888 1401 Thaletem).
956 1345 1234 1405 Δικαιοσύνῃ
1262 1348 1537 1404 dogmaticus
1565 1350 1631 1391 in-
1706 1339 1726 1366 '³'

142 1404 362 1459 teyre'tate‘s
406 1404 686 1459 significatus
733 1406 806 1462 (5,
837 1406 928 1460 17.)
953 1439 958 1453 ,
989 1406 1103 1448 male
1151 1406 1367 1448 tribuitur
1421 1405 1630 1461 (Rueck,

76 1486 96 1499 ,μ
143 1461 360 1517 ΚοοΗη.),
391 1476 523 1517 quum
546 1466 639 1504 toto
658 1462 702 1507 h.
722 1463 755 1507 l.
777 1466 841 1519 (v.
865 1462 1087 1507 18.—20.
1119 1464 1174 1507 cl.
1196 1478 1237 1506 v.
1265 1465 1360 1518 13.)
1387 1464 1500 1506 ritae
1527 1477 1629 1505 san-

43 1524 67 1537 s
138 1519 336 1560 cte'tatem
355 1517 568 1563 declaret.
625 1518 690 1561 Ea
713 1534 815 1562 vero
836 1534 917 1577 pro
939 1535 987 1563 re
1007 1520 1080 1562 hic
1101 1525 1483 1574 commemoratur,
1516 1534 1629 1576 quae

138 1588 218 1615 nos
240 1573 424 1617 idoneos
446 1574 626 1629 reddat,
665 1577 741 1633 qui
760 1579 852 1620 vim
875 1581 1056 1620 aeterna
1083 1578 1306 1636 potiamur
1334 1579 1398 1635 (5,
1419 1577 1464 1620 4.
1495 1579 1537 1630 6,
1554 1576 1628 1620 22.

138 1630 254 1687 Eph.
274 1631 317 1684 5,
337 1631 381 1676 5.
403 1632 503 1686 aL).
561 1632 681 1675 Bene
702 1634 843 1691 igitur
860 1649 914 1690 op
933 1635 1082 1678 Jositio
1103 1633 1169 1684 εἰς
1185 1631 1382 1676 θάνατον
1412 1641 1456 1676 et
1476 1632 1541 1683 εἷς
1560 1633 1626 1676 61-

137 1683 375 1743 καιοσύνην
403 1694 658 1745 comparata
689 1694 774 1733 est.
838 1650 959 1731 Male
984 1692 1113 1732 multi
1133 1695 1237 1761 post
1257 1691 1322 1740 εἰς
1343 1687 1626 1745 ὁικαιοσὺην

136 1759 188 1786 ex
220 1745 495 1799 antegressis
527 1750 670 1786 mente
701 1749 909 1800 repetunt
939 1744 1095 1787 δοῦλοί
1125 1760 1249 1798 εστε,
1288 1761 1420 1802 quum
1453 1761 1493 1788 v,
1524 1739 1626 1800 ἤτοι

129 1796 226 1854 εΑμ.
255 1816 289 1842 ε.
316 1804 365 1843 ὓ.
390 1795 538 1857 ἢἽ’π.
568 1816 604 1842 ε.
637 1801 678 1844 ὂ.
714 1815 739 1841 a
779 1800 1006 1842 vocabulis
1044 1800 1138 1843 οὐκ
1177 1798 1396 1853 οἴδατε,
1449 1803 1537 1844 ὅτι
1568 1825 1624 1833 -

136 1854 343 1899 δοῦλοί
372 1855 497 1900 ἐστε
528 1854 738 1913 [ἐκείνου]
780 1851 816 1913 ᾦ
859 1853 1173 1900 ὑπακούετε
1210 1872 1486 1911 suspensa
1516 1856 1624 1901 sint.

136 1913 283 1956 Totus
306 1928 372 1957 VS.
397 1913 461 1956 sic
482 1913 637 1956 habet:
677 1913 849 1969 sugitne
879 1928 981 1966 vos,
1019 1913 1088 1955 cui
1118 1913 1371 1971 praebeatis
1393 1928 1469 1956 vos
1494 1913 1625 1955 mini-

135 1975 255 2014 stros
285 1976 334 2013 ut
363 1971 406 2013 ei
434 1970 766 2027 obsequamini,
806 1970 1038 2012 ministros
1058 1985 1136 2015 vos
1166 1970 1262 2030 ejus
1283 1986 1383 2013 esse
1404 1971 1474 2012 cui
1495 1970 1624 2012 obse-

137 2028 334 2086 quamini
353 2028 407 2083 (i.
425 2043 465 2073 e.
488 2028 558 2070 cui
583 2042 714 2084 quum
745 2042 821 2070 vos
841 2027 1132 2084 obsequiosus
1154 2028 1382 2070 ministros
1405 2027 1622 2086 praebue-

135 2086 238 2128 ritis
260 2084 450 2144 subjecti
478 2085 603 2139 sitis)
623 2090 700 2127 aut
730 2098 809 2142 quo
831 2085 952 2127 Deus
981 2091 1253 2141 oppaqnatar
1278 2086 1474 2138 Peccati,
1505 2083 1622 2141 quod

134 2147 315 2185 mortem
348 2142 569 2197 physicam
595 2146 806 2199 apportat
839 2147 917 2184 aut
945 2142 1057 2199 quod
1084 2143 1178 2184 Deo
1207 2147 1462 2198 praestatur
1489 2142 1620 2184 Obse-

131 2199 245 2256 quii,
284 2198 402 2257 quod
427 2200 708 2242 sanctitatem
728 2199 874 2255 gignit
902 2199 1016 2241 vitae
1046 2200 1331 2255 sempiternae
1351 2199 1621 2257 procreatri-

133 2271 243 2300 cem.
302 2255 407 2298 Non
427 2257 541 2298 male
565 2256 678 2299 hunc
702 2271 767 2301 vs,
787 2255 967 2315 exponit
986 2254 1118 2301 Phot.
1139 2271 1211 2315 ap.
1235 2255 1368 2310 Oec.,
1401 2271 1486 2313 quo
1513 2257 1545 2302 l.
1567 2254 1621 2298 de

132 2328 183 2356 eo
203 2312 349 2356 dicere
372 2313 543 2371 incipit.

249 2370 309 2415 V.
337 2373 405 2416 17.
427 2376 471 2413 ct
495 2371 565 2415 18.
608 2370 671 2413 Hi
698 2385 788 2413 vss.
853 2370 1118 2437 ropositioni
1146 2370 1303 2430 maj0ri
1333 2373 1396 2426 (v.
1421 2371 1512 2422 16.)
1540 2368 1618 2411 ad-

133 2425 242 2468 dunt
267 2428 608 2481 assumtionem,
640 2443 750 2485 quae
771 2385 1063 2470 adpusnatam
1086 2429 1269 2470 sormam
1290 2427 1530 2493 composita
1552 2428 1617 2469 sic

133 2490 334 2529 sonaret:
364 2483 500 2527 ἀλλὰ
529 2484 633 2543 μὴν
665 2480 738 2542 ἦτε
768 2486 921 2527 δοῦλοι
942 2502 981 2527 κ.
1002 2500 1041 2529 τ.
1062 2485 1102 2528 λ.
1130 2486 1271 2543 (atqui
1294 2491 1430 2527 eratis
1451 2490 1534 2528 etc.
1557 2485 1616 2529 cf.

133 2555 177 2598 p.
198 2541 335 2596 313.).
395 2541 485 2585 Sed
503 2541 556 2586 P.
579 2557 659 2600 pro
682 2543 761 2584 sua
787 2543 950 2599 pietate
973 2557 1065 2584 eam
1088 2543 1332 2597 gratiarum
1354 2542 1525 2584 actione
1548 2542 1616 2584 in-

131 2598 283 2651 volvit,
314 2600 397 2656 quai
420 2600 565 2642 Deum
591 2601 661 2657 pie
680 2600 895 2642 celebrari
915 2599 1070 2649 voluit,
1101 2599 1217 2657 quod
1237 2600 1431 2648 fecisset,
1461 2605 1507 2640 ut
1524 2598 1615 2641 Ro-

131 2656 249 2697 mani
275 2670 384 2709 non,
431 2661 480 2699 ut
516 2663 642 2700 antea
659 2690 671 2710 ,
720 2655 908 2700 Peccato
938 2657 1178 2710 servirent,
1231 2656 1308 2698 sed
1350 2671 1482 2713 quum
1521 2655 1612 2698 toni

131 2717 276 2755 luente
309 2712 534 2757 doctrinae
565 2715 718 2757 christ.
758 2728 922 2757 moreni
958 2714 1204 2769 gessissent
1236 2712 1401 2757 Pietati
1429 2725 1612 2771 prorsus

132 2768 296 2813 addicti
325 2775 476 2814 essent
505 2770 649 2829 (Phil.
671 2771 721 2824 2,
750 2772 857 2826 13.).
942 2769 1073 2828 χάρις
1101 2771 1150 2814 δὲ
1176 2773 1238 2828 ’τῷ
1273 2771 1386 2827 θεῷ]
1427 2785 1501 2827 np.
1526 2763 1607 2822 εἶή.
