1752 3347
435 181 593 229 GAP.
623 181 720 230 lv.
760 182 853 228 Vs.
882 176 1139 228 *za—25..
1417 179 1506 223 249

46 291 288 349 grationcm
322 290 429 348 (quai
458 305 610 348 nempe
641 305 751 349 opus
780 294 899 343 erat,
930 304 1058 343 ergo:
1085 293 1136 332 ut
1166 288 1506 344 integraremur,

46 354 97 391 ut
127 349 173 390 in
200 349 416 401 integrum
446 349 816 403 restitueremur).
882 346 1049 390 Christi
1080 348 1124 388 in
1150 346 1282 388 vitani
1314 345 1504 388 reditum

48 406 190 460 ipsum
219 405 346 446 nobis
376 404 452 462 τὴν
480 402 759 460 δικαιοσύνην
787 404 1035 462 paravisse,
1072 419 1094 445 e
1116 418 1156 446 v,
1181 404 1255 444 καὶ
1274 399 1443 458 ἠγέρθη
1465 402 1505 444 ὃ.

49 477 86 503 τ.
108 461 144 502 δ.
164 456 203 516 ἡ.
233 462 288 504 cl.
305 461 334 502 2
358 459 461 505 Cor.
482 462 524 513 5,
546 461 613 503 15.
642 462 753 503 male
781 461 968 514 colligas
1000 468 1060 515 (v.
1096 460 1328 514 Thelme).
1388 459 1506 501 Nam

50 516 218 570 Chi-,isti
250 517 455 572 supplicio
494 518 711 558 hominum
752 523 926 572 peccata
956 517 1133 573 expiata
1173 531 1270 558 esse
1301 521 1506 558 constans

50 578 117 617 est
134 577 384 614 nostrorum
402 573 664 629 scriptorum
686 575 900 614 sententia
927 575 989 628 (3,
1004 574 1075 616 25.
1106 573 1147 625 5,
1166 574 1209 616 6.
1231 587 1298 628 sq.
1329 571 1442 629 Eph.
1465 574 1507 625 l,

47 631 90 674 7.
119 628 480 682 lJoh.1‚7.al.)‚
512 627 870 683 quemadmodum
897 633 1034 670 totam
1062 630 1370 686 antiquitatem
1401 629 1509 670 hacc

48 685 193 743 opinio
222 683 387 727 tenuit:
423 683 594 725 hostias
621 684 841 726 hominum
881 683 1041 727 delicta
1071 701 1121 726 eo
1160 686 1360 743 expiare,
1399 685 1508 740 qnod

46 741 329 785 immolentur.
387 740 507 795 Quin
529 739 740 796 adjuvant
768 740 1066 797 expiationem
1091 742 1259 784 Christi
1287 741 1507 799 supplicio

47 798 240 840 effectam
267 795 362 856 ejus
390 797 434 839 in
463 799 594 839 vitam
622 796 792 839 reditus
815 797 942 853 (Act.
964 799 1042 850 13,
1074 797 1146 841 37.
1163 800 1234 842 38.
1270 801 1295 841 1
1320 799 1443 842 l’etr.
1466 799 1508 852 l,

47 854 90 898 3.
107 854 279 910 sq.'al.)
309 859 353 896 et
381 854 528 896 abitus
558 855 603 896 in
631 856 797 896 coelum
829 854 954 910 (Aet.
975 853 1026 909 5,
1043 855 1114 898 31.
1157 857 1179 896 1
1201 854 1324 900 Pctr.
1348 858 1396 910 l,
1413 855 1510 910 21.)

47 915 252 963 eatenus,
283 917 500 966 quatenus
524 916 771 966 armamento
799 911 924 954 nobis
956 916 1081 964 sunt,
1112 910 1339 954 Christum
1372 913 1510 955 scele-

44 982 141 1027 rum
164 974 414 1009 nostrorum
437 968 655 1025 piaculum
690 982 862 1010 caesum
884 983 998 1012 csse.
1055 968 1196 1024 Quem
1226 969 1265 1010 si
1281 970 1406 1012 Deus
1435 984 1511 1011 nc-

45 1039 130 1082 que
149 1039 201 1066 ex
222 1024 377 1066 inferis
396 1025 632 1067 excitasset
659 1039 799 1081 neque
827 1026 948 1067 coelo
979 1040 1077 1067 rece
1094 1026 1245 1079 iisset,
1275 1042 1371 1068 eum
1392 1026 1512 1068 Mes-

44 1082 155 1124 siam
172 1081 311 1123 fuisse
332 1086 380 1124 ut
399 1096 536 1137 genus
555 1082 788 1123 humanum
811 1097 862 1124 ex
899 1083 1012 1125 iaret
1033 1097 1056 1123 a
1120 1097 1168 1124 eo
1190 1086 1371 1125 missum
1390 1084 1510 1139 iyno-

44 1152 241 1182 raremus
274 1153 511 1195 eorumque
552 1139 627 1195 qui
655 1138 805 1182 Jesum
834 1097 1043 1182 Bassiani
1085 1139 1156 1197 pie
1195 1143 1511 1182 venerarentur

44 1193 157 1237 fides
188 1194 467 1237 fundamento
506 1194 821 1237 destitueretur
869 1200 929 1253 (v.
962 1199 986 1238 l
1014 1196 1117 1240 Cor.
1147 1198 1222 1249 15,
1252 1199 1321 1241 17.
1349 1201 1393 1238 et
1432 1211 1508 1238 su-

44 1266 125 1309 pra
157 1265 200 1307 p.
221 1252 289 1294 12.
321 1254 427 1308 sq.).
492 1250 826 1309 perspexerunt
852 1254 961 1294 hanc
991 1268 1084 1295 rem
1122 1253 1293 1308 l'Veist„
1335 1254 1510 1307 Heum„

45 1309 181 1351 Elati.
196 1339 208 1360 ,
245 1308 404 1353 Rueck.
438 1308 492 1349 ad
514 1309 557 1352 h.
580 1310 611 1351 l.
626 1342 637 1360 ‚
676 1309 853 1364 Kmepp.
879 1310 1053 1366 Scripta
1072 1325 1113 1354 v.
1134 1325 1229 1364 arg.
1251 1325 1295 1367 p.
1316 1311 1415 1353 323.
1437 1324 1508 1366 sq.

45 1367 90 1406 et
112 1364 457 1407 innumerabiles
479 1366 572 1410 alii.
614 1364 805 1408 Proinde
829 1367 880 1410 P.
902 1367 1017 1409 binis
1044 1367 1267 1408 concinnis
1288 1367 1513 1420 membris,

45 1420 206 1477 quibus
226 1421 555 1477 praecedentem
576 1421 915 1479 disputationem
943 1428 1044 1481 apte
1072 1423 1286 1475 absolvit,
1316 1424 1396 1465 has
1423 1438 1510 1465 non

44 1478 186 1531 magis
206 1483 357 1520 acutas
378 1493 506 1534 quam
528 1493 654 1520 veras
675 1481 917 1520 sententias
946 1480 1149 1523 inclusit:
1180 1479 1384 1522 Christus
1413 1480 1510 1522 neci

46 1539 116 1575 est
137 1533 288 1587 datus,
316 1539 365 1576 vet
382 1539 564 1589 peccata
583 1539 731 1576 nostra
758 1537 1041 1589 expiaret,
1070 1541 1115 1577 ct
1144 1537 1188 1577 in
1213 1537 1346 1578 vitain
1377 1537 1509 1578 resti-

45 1593 194 1643 tutus,
224 1596 272 1633 ut
290 1604 364 1632 nos
387 1589 484 1645 ejus
505 1590 711 1646 supplicio
731 1593 936 1645 expictios
957 1597 999 1634 et
1022 1594 1066 1633 in
1095 1593 1307 1647 inteyrum
1331 1594 1507 1637 restitu-

44 1651 111 1690 tos
131 1661 221 1690 esse
247 1647 523 1694 sciremus.
586 1646 699 1691 Vide
716 1647 749 1692 1.
773 1647 964 1690 similem
985 1662 1121 1706 supra
1138 1648 1181 1702 3,
1200 1649 1273 1695 30.

665 1898 794 1934 CAP.
839 1899 890 1933 V.

485 1990 1070 2032 ARGUMENTUM.

183 2069 310 2114 Quum
335 2068 445 2116 igitur
464 2069 540 2112 fide
565 2082 632 2103 nos
657 2068 725 2104 Dei
754 2068 916 2104 favorem
938 2073 1178 2114 consequutos
1205 2080 1279 2101 esse
1305 2066 1411 2112 longe
1436 2080 1512 2103 cer-

51 2117 230 2151 tissimum
257 2116 301 2149 sit
327 2116 372 2160 (v,
390 2129 421 2149 c.
442 2114 476 2162 3,
497 2115 553 2149 21.
568 2115 655 2159 -4,
673 2115 765 2159 25.),
787 2115 899 2161 agite⁷
924 2127 1045 2159 paceni
1073 2127 1153 2148 cum
1173 2115 1253 2147 Deo
1271 2113 1401 2147 Christi
1421 2126 1512 2159 ope·-

51 2160 92 2197 rti
117 2161 374 2206 compositam,
399 2174 443 2195 ne
468 2161 634 2194 adversus
660 2168 799 2196 tantum
825 2160 1014 2194 servatoris
1042 2159 1256 2201 beneficium
1281 2159 1411 2204 ingrati
1437 2173 1511 2194 esse

50 2207 262 2251 videamur,
305 2207 446 2241 Christo
475 2207 673 2252 opitulante
704 2219 888 2243 servemus
921 2213 953 2240 et
978 2206 1175 2251 gloriemur
1209 2205 1252 2238 de
1284 2218 1344 2251 spe
1378 2206 1511 2246 beatae,

54 2266 158 2300 quam
182 2254 281 2287 Deus
307 2253 410 2287 nobis
438 2252 523 2286 olim
553 2253 700 2288 daturus
725 2259 798 2292 est,
837 2252 926 2287 vitae
953 2251 997 2296 (v,
1018 2254 1047 2286 1.
1067 2254 1133 2296 2.).
1200 2251 1300 2295 Quin
1334 2250 1439 2285 etiam
1468 2252 1512 2287 de

56 2298 314 2334 calamitatibus
347 2298 475 2344 quibus
499 2297 713 2345 affligimur,
743 2298 1023 2344 triumphemus,
1057 2311 1167 2344 quum
1194 2310 1252 2330 eas
1279 2304 1313 2331 et
1337 2296 1428 2340 ipsas
1452 2297 1511 2332 de-

52 2346 162 2389 nique
187 2344 275 2377 vitae
301 2351 464 2378 aeternae
489 2357 588 2389 spem
614 2347 736 2379 afferre
761 2357 835 2378 non
860 2345 1068 2390 ignoremus
1105 2345 1150 2387 (v.
1170 2343 1203 2377 3.
1223 2341 1286 2387 4.).
1348 2343 1397 2376 Ea
1421 2356 1510 2378 vero

53 2403 121 2425 nos
147 2402 218 2423 non
245 2389 334 2424 fallit
356 2396 566 2437 propterea,
603 2391 697 2436 quod
725 2403 906 2424 summum
932 2390 1000 2423 Dei
1027 2403 1105 2435 erga
1131 2402 1196 2422 nos
1221 2401 1380 2422 amorem
1405 2389 1510 2424 nobis

55 2435 206 2481 spondet
231 2435 300 2469 div.
327 2436 492 2481 spiritus,
529 2436 588 2482 qui
615 2438 652 2471 in
677 2436 803 2470 animis
823 2436 954 2470 nostris
986 2442 1152 2480 tanquam
1180 2435 1335 2469 sacrario
1361 2447 1426 2468 suo
1452 2448 1512 2470 se-

53 2483 136 2515 dem
163 2480 351 2515 collocavit
374 2485 420 2525 (v.
442 2483 508 2527 5.).
568 2482 682 2527 Hujus
707 2482 898 2516 sententiae
926 2481 1052 2515 veritas
1075 2480 1179 2514 facile
1205 2481 1357 2525 perspici
1381 2488 1511 2526 potest.

54 2527 145 2562 Nam
173 2527 268 2572 quod
296 2526 454 2561 Christus
479 2541 544 2573 pro
570 2530 672 2562 nobis
698 2529 937 2562 imbecillibus
961 2527 1075 2560 adhuc
1103 2533 1136 2559 et
1160 2527 1279 2568 impiis
1301 2526 1509 2562 hominibus

55 2579 209 2608 mortem
236 2572 341 2614 adiit,
365 2581 460 2607 certe
485 2575 743 2609 documentum
772 2580 823 2606 est
849 2573 917 2606 div.
946 2585 1025 2618 erga
1046 2585 1111 2606 nos
1133 2571 1265 2606 amoris
1290 2573 1339 2616 (v.
1359 2573 1513 2617 6-8.).

56 2619 205 2662 Quanto
235 2615 344 2663 igitur
369 2619 479 2662 magis
505 2632 602 2654 nunc
625 2632 727 2654 caeso
755 2618 895 2654 Christo
920 2620 1083 2651 insontes
1113 2617 1242 2650 redditi
1272 2631 1290 2652 a
1316 2619 1510 2669 sempiter-

55 2665 111 2698 nis
146 2665 267 2709 poenis
301 2664 376 2709 ejus
409 2665 584 2698 beneficio
607 2664 892 2708 vindicabimur,
928 2670 987 2697 aut
1013 2670 1145 2708 quanto
1181 2663 1296 2698 minus
1326 2663 1432 2698 fallax
1457 2673 1510 2701 est

55 2716 200 2744 nostrae
228 2710 314 2743 vitae
348 2710 468 2744 heatae
500 2724 599 2756 spes,
632 2710 783 2748 summi,
819 2722 889 2754 quo
914 2709 1012 2742 Deus
1040 2722 1105 2743 nos
1132 2711 1297 2744 homines
1325 2712 1447 2745 christ.
1475 2719 1510 2745 et

57 2756 119 2800 qui
137 2756 218 2797 ,side
244 2758 496 2798 integritatem
519 2756 635 2802 adepti
659 2756 770 2789 simus
795 2767 878 2800 amp
937 2755 1044 2798 titur,
1081 2754 1211 2789 amoris
1234 2769 1360 2796 sensu,
1398 2770 1508 2802 quem

56 2801 126 2836 div.
152 2800 295 2848 spiritus
321 2803 356 2835 in
381 2801 508 2836 animis
533 2802 663 2835 nostris
686 2797 889 2842 excitavit(
911 2807 1134 2845 uperstrueta
1162 2802 1208 2844 (v,
1235 2815 1273 2839 v.
1294 2802 1327 2837 9.
1354 2803 1398 2837 cl.
1417 2802 1510 2836 5.-

56 2845 135 2890 8.)’Ξ
181 2847 253 2883 Per
278 2848 487 2891 Christum,
510 2847 676 2895 inquam,
700 2859 722 2882 a
743 2846 966 2893 sempiternis
990 2846 1114 2893 poenis
1134 2847 1302 2885 vindicati
1325 2848 1510 2885 beabimur
