1752 3347
1345 171 1362 194 Ἴ

525 201 684 248 CAP.
718 202 816 250 IV.
855 204 942 251 Vs,
976 206 1072 252 12..
1450 210 1537 253 227

0 301 5 363 j
61 321 158 351 rum
185 312 314 368 pater
345 312 593 356 enarretur.
651 310 796 368 Quum
824 312 938 355 enim
970 327 1010 358 v.
1040 313 1114 355 καὶ
1140 314 1317 370 πατέρα
1345 329 1533 373 περιτο-

0 400 2 420 1
59 367 146 423 μῆς
163 369 256 415 τοῖς
273 383 311 408 κ.
331 381 369 409 τ.
393 367 431 408 λ.
453 367 676 411 vocabulis
709 383 747 412 ν.
772 370 842 413 ll.
863 368 929 419 εἰς
944 368 995 412 τὸ
1015 362 1127 413 εἶναι
1148 367 1281 412 αὐτὸν
1310 372 1531 430 πατέρα

0 432 3 468 ἶ
59 435 282 476 πάντων
319 435 421 475 τῶν
469 434 854 477 πιστευόντων
900 434 970 478 δι’
1012 429 1345 491 ἀκροβυστίας
1389 454 1445 497 op
1481 455 1528 484 ο-

1 489 2 494 ’
57 496 243 542 uantur,
274 490 368 531 illis
398 490 594 532 homines
627 491 901 535 circumsecti
926 508 1058 536 sensu
1081 496 1286 552 proprio,
1317 496 1360 540 h.
1381 511 1420 540 e.
1477 514 1525 540 u-

0 573 3 586 .
54 545 181 602 daei,
220 547 295 602 qui
322 544 451 587 {idem
483 546 656 601 quidem
690 548 878 590 habeant
909 551 1213 605 significentur
1239 567 1417 595 necesse
1439 560 1524 600 est.

0 590 4 643 i
53 601 149 647 ΙΙΙ.
188 602 451 654 Hominum,
501 602 660 656 quibus
701 603 812 646 nihil
848 605 934 647 nisi
962 610 1238 664 praeputium
1275 611 1521 666 praecisum

0 691 2 693 >
54 661 137 712 sit,
166 657 210 702 h.
233 672 272 701 e.
295 655 587 711 Judaeorum,
618 660 780 700 tuentio
802 660 856 701 ab
877 661 920 704 h.
941 663 973 705 l.
994 664 1135 705 aliena
1153 671 1247 718 cst,
1289 666 1363 706 ubi
1387 666 1521 719 fidem

49 716 253 758 habentes
273 712 432 758 Judaei
452 714 721 756 memorandi
741 716 854 769 sint,
884 718 976 760 sive
1005 718 1068 768 εἷς
1091 735 1128 763 v.
1151 723 1220 766 11.
1255 720 1341 777 (εἰς
1370 721 1420 764 τὸ
1447 716 1517 764 εἶ-

0 805 1 823 ,
48 786 122 813 ναι
161 787 199 812 κ.
229 786 266 812 τ.
301 770 363 826 λ.)
408 769 631 824 effectum,
674 773 767 814 sive
815 774 943 815 finem
990 777 1238 831 exprimere
1288 780 1516 823 statueris,

0 838 1 845 ¹
45 825 162 870 Nam
195 842 249 871 ex
278 842 352 880 eo,
392 825 509 884 quod
532 827 792 871 Abrahamo
831 845 935 887 prae
969 833 1108 874 utinm
1149 835 1396 890 praecisum
1431 841 1515 890 est,

44 891 95 928 ut
115 884 156 927 ei
177 884 474 940 integritatis,
505 898 633 941 quam
665 886 720 927 oh
746 885 873 929 iidem
894 845 1081 945 adeptus
1114 896 1234 931 esset
1263 894 1515 947 praeputia-

43 947 141 996 tus,
170 941 353 999 aliquod
370 942 531 1000 pignus
551 940 753 997 daretur,
783 945 986 1001 sequitur
1006 950 1055 987 ut
1067 943 1198 999 fidem
1214 938 1514 1002 praebentium

43 999 312 1045 Iudaeorum
331 1003 459 1056 pater
478 998 561 1052 sit,
591 1000 752 1056 quihus
771 1014 821 1042 ea
842 1015 914 1043 res
931 1001 1086 1058 (fides)
1116 1017 1200 1044 non
1230 1003 1368 1055 desit,
1408 1020 1512 1063 pro-

39 1062 141 1117 pter
160 1071 289 1114 quam
310 1055 387 1098 ille
420 1060 464 1097 et
481 1055 580 1098 Deo
601 1056 814 1113 probatus
837 1063 956 1100 esset
985 1063 1029 1101 et
1055 1059 1221 1102 favoris
1241 1060 1327 1105 div.
1350 1062 1511 1118 pignus

43 1116 290 1173 accepisset
305 1147 315 1167 ‚
343 1128 423 1155 non
443 1113 629 1154 onem‘um
647 1115 885 1168 promiscue
904 1116 1180 1160 Jadaeornm.
1239 1116 1352 1160 Item
1377 1133 1509 1174 quum

38 1173 167 1216 Deus
199 1170 457 1214 Abrahamo
495 1169 839 1214 circumcisionis
877 1173 1011 1214 ritum
1049 1173 1316 1230 imponeret,
1362 1189 1415 1217 ne
1455 1175 1510 1217 de

37 1229 320 1284 integritate,
350 1241 485 1283 quam,
500 1227 805 1284 praeputiatus
825 1228 880 1270 oh
898 1229 1025 1271 fidem
1047 1237 1167 1273 esset
1194 1237 1510 1288 consequutus,

34 1291 243 1342 tanquam
266 1285 449 1342 pignore
480 1288 684 1340 accepte,
710 1283 954 1339 dubitaret,
983 1287 1063 1328 hoc
1093 1292 1308 1343 sequutus
1333 1293 1427 1343 est,
1459 1294 1510 1332 nt

35 1342 212 1386 Abrah.
247 1341 508 1384 credentium
543 1339 811 1384 Iudaeorum
850 1346 978 1399 pater
1016 1345 1382 1398 constitueretur,
1430 1347 1509 1402 qui

33 1399 121 1443 fide
150 1396 341 1457 praediti
369 1401 542 1449 essent,
563 1402 753 1496 (propter
778 1413 906 1454 quam
927 1399 1184 1442 Abrahamo
1207 1408 1250 1443 et
1269 1402 1516 1456 integritas

31 1455 195 1499 donata
223 1460 267 1497 et
294 1454 389 1512 eju's
409 1454 558 1509 aliquo
607 1455 778 1511 pignus
799 1455 947 1497 datum
967 1462 1108 1509 esset,
1137 1472 1221 1498 non
1241 1462 1289 1499 ut
1311 1459 1503 1501 omnium

32 1512 302 1560 Judaeorum
332 1513 460 1567 pater
488 1511 637 1562 fieret,
674 1512 751 1566 qui
784 1517 833 1553 ut
862 1518 1011 1554 essent
1040 1513 1287 1555 circumcisi
1317 1514 1403 1556 fide
1435 1519 1505 1557 ta-

31 1584 128 1612 men
151 1568 522 1619 destituerentur,
553 1580 677 1622 quae¹
693 1565 771 1622 τὴν
790 1565 1076 1624 δικαιοσύνην
1098 1570 1353 1612 Abrahamo
1383 1576 1503 1614 attu-

26 1626 182 1678 lisset,
211 1623 335 1683 cujus
354 1624 398 1665 ei
418 1623 578 1680 pignus
600 1622 727 1664 Deus
751 1637 851 1666 esse
874 1624 1091 1667 voluisset
1109 1627 1500 1672 circumcisionem.

27 1684 100 1727 At
119 1680 161 1725 οὶ
180 1681 227 1725 ἐκ
247 1681 516 1736 περιτσμῆς,
543 1679 632 1722 nisi
652 1679 727 1721 ubi
748 1679 801 1722 de
818 1680 1068 1723 hominihus
1097 1683 1253 1737 christ,
1274 1699 1419 1726 sermo
1441 1686 1502 1727 sit

31 1741 135 1784 Gal.
163 1739 216 1792 2,
246 1738 340 1791 12„
379 1737 576 1779 homines
603 1737 849 1779 circumcisi
877 1737 1081 1794 (Iudaei)
1110 1745 1213 1789 sunt
1241 1740 1285 1782 in
1323 1756 1501 1796 genere,

25 1811 114 1839 non
133 1797 248 1838 tales
268 1793 540 1847 circumcisi,
572 1794 649 1850 qui
681 1793 808 1836 fidem
842 1793 1045 1839 habeant.
1104 1795 1192 1840 IV.
1224 1797 1284 1841 V.
1308 1796 1350 1839 οἱ
1372 1813 1502 1840 στοι-
1541 1823 1548 1831 =

26 1855 206 1908 χοῦντες
233 1854 328 1901 τοῖς
363 1847 500 1903 ἴχνεσι
525 1851 604 1905 τῆς
642 1848 687 1893 ἐν
714 1851 768 1908 τῇ
794 1848 1065 1908 ἀκροβυστίᾳ
1102 1851 1298 1902 πίστεως
1336 1856 1417 1895 τοῦ
1444 1880 1497 1886 ——

19 1906 221 1966 Ἀβραάμ
250 1913 416 1950 temere
447 1906 502 1949 ad
516 1904 648 1961 fidem
669 1907 925 1961 praebentes
951 1921 1197 1963 payanos
1227 1910 1498 1961 referuntur,

25 1980 161 2023 quum
183 1979 270 2006 non
290 1963 380 2005 nisi
410 1963 676 2005 hominum
704 1963 950 2005 Abralmmz‘
964 1966 1233 2019 praeputiati
1246 1965 1378 2018 fidem
1397 1967 1497 2009 imi-

21 2024 212 2067 tantiam
247 2020 467 2062 notionem
505 2019 866 2076 complectantur.
935 2018 1131 2062 Possunt
1173 2026 1316 2063 antem
1344 2022 1496 2065 Abra-

22 2077 143 2122 hami
180 2075 448 2134 praeputiati
484 2074 613 2117 fidem
651 2075 819 2117 imitari
857 2080 903 2117 ct
940 2076 1217 2120 circumsecti
1254 2077 1412 2122 Judaei
1451 2085 1497 2122 et

22 2135 293 2192 praeputiati
322 2133 526 2188 gentiles.
595 2130 748 2187 Quare
776 2132 904 2174 fidem
935 2133 1188 2176 habentium
1221 2149 1494 2192 paganorum

22 2191 233 2247 cogitatio
270 2189 341 2232 his
377 2190 470 2232 fere
508 2203 549 2233 v.
584 2189 863 2246 concipienda
896 2190 1067 2234 suerat:
1111 2188 1224 2232 ἀλλὰ
1264 2194 1337 2234 καὶ
1374 2196 1496 2243 τοῖς

24 2245 401 2305 ἀκροβύστοις
438 2248 498 2299 (S.
535 2247 653 2295 τοῖς
692 2246 954 2300 λοιποῖς)
998 2249 1094 2295 τοῖς
1135 2249 1363 2300 στοιχοῦσι
1399 2252 1494 2300 τοῖς

21 2302 160 2358 ἷξςνεσι
187 2321 224 2345 κ.
253 2319 292 2346 τ.
321 2304 376 2346 λ..
440 2301 502 2347 V.
543 2300 598 2346 P.
634 2317 675 2346 v,
716 2302 1122 2352 12.,Ahrahamum
1161 2305 1493 2349 Judaeorum

15 2362 146 2417 fidem
164 2360 410 2403 habentium
428 2363 599 2417 patrem
629 2373 810 2401 vocasse
837 2364 1094 2415 argumento
1125 2364 1193 2401 est
1225 2375 1265 2404 v.
1289 2361 1385 2414 13„
1414 2362 1491 2404 uhi

20 2416 154 2476 hujus
183 2416 427 2459 sententiae
455 2416 567 2459 ratio
597 2414 830 2460 reddatur:
876 2417 1031 2473 utique
1058 2416 1233 2460 Abrah.
1274 2431 1361 2459 non
1400 2419 1491 2462 nisi

20 2489 171 2518 eorum
221 2473 486 2518 Iudaeorum
541 2479 655 2515 ‘ater
695 2477 765 2515 est
812 2474 889 2530 qui
927 2473 1056 2515 fidem
1094 2473 1358 2530 praebeant,
1402 2489 1490 2517 nou

18 2532 210 2574 omnium
240 2530 488 2588 promiscue
516 2486 811 2584 qudaeorum,
851 2534 1069 2586 quotquot
1092 2530 1367 2573 circumsecti
1397 2532 1491 2575 sint

18 2594 69 2639 et¹
87 2589 179 2643 legi
208 2602 318 2632 mos.
347 2591 547 2657 pareant.
616 2586 790 2639 Chrys„
828 2587 980 2639 Beza,
1016 2586 1199 2640 Ecum„
1226 2586 1384 2631 Rueck.
1424 2590 1486 2633 al.

17 2645 164 2690 verbis
194 2647 286 2694 τοῖς
316 2660 392 2686 ουκ
420 2641 467 2685 ἐκ
495 2644 741 2698 περιτομῆς
764 2640 900 2695 μόνον
919 2638 1033 2684 ἇλλοέ
1054 2643 1127 2684 καὶ
1146 2644 1240 2693 τοῖς
1259 2647 1487 2696 στοιχοῦσι

17 2720 54 2744 κ.
77 2717 115 2743 τ.
135 2702 170 2743 λ.
199 2701 461 2743 credentium
480 2699 747 2747 Iudaeorum
777 2698 1119 2756 descriptionem
1148 2701 1363 2742 contineri
1393 2702 1486 2743 exi-

18 2758 222 2801 stimant:
260 2761 304 2799 et
329 2761 379 2799 ut
405 2756 759 2798 circumcisorum
794 2755 1015 2797 hominum
1040 2762 1167 2813 pater
1194 2756 1252 2799 iis
1283 2757 1368 2810 sit,
1408 2758 1487 2815 qui

3 2828 102 2859 non
133 2830 156 2857 e
184 2814 526 2857 circumcisorum
563 2812 783 2854 hominum
822 2826 1001 2854 numero
1042 2812 1132 2854 sint
1168 2814 1485 2865 tantummodo,

17 2870 95 2913 sed
121 2872 252 2914 etiam
269 2869 518 2914 Abrahami
544 2868 813 2928 praeputiati
840 2868 967 2911 fidem
995 2869 1221 2913 imitentur
1248 2870 1313 2926 (h.
1338 2884 1377 2913 e.
1409 2870 1485 2925 qui

994 2924 1091 2970 P2
