1752 3347
532 164 692 213 CAP.
721 164 784 213 V.
821 164 916 211 Vs.
945 164 1045 211 11..
1437 159 1526 205 281

55 274 319 327 ,vinciretur‚
349 275 443 316 tum
466 286 508 318 v.
527 272 571 318 8.
592 277 636 316 et
654 275 698 318 9.
717 273 826 316 mire
846 268 1143 332 pervertendi,
1160 271 1253 312 tum
1271 281 1312 318 v.
1328 268 1396 313 10.
1415 280 1457 313 V.
1477 264 1526 310 ἓν

57 334 117 388 ,τῇ
136 331 223 388 ζωῇ
243 328 377 374 αὐτοῦ
399 330 724 386 contorquenda
746 331 923 373 fuerunt
951 334 1014 386 (v.
1036 327 1256 382 Paul-um).
1312 326 1379 369 At
1397 339 1527 383 prae-

62 393 266 445 terquam
293 387 409 444 quod
440 386 610 430 Christi
639 389 857 445 supplicio
888 388 1030 430 Deum
1058 384 1330 438 hominibus,
1378 395 1529 425 eorum

63 445 308 488 sceleribus
333 445 549 502 expiatis,
587 445 824 501 propitium
853 445 1015 486 factum
1044 456 1171 494 esse,
1207 456 1294 484 non
1331 439 1531 482 homines

62 501 164 545 Deo
192 502 391 559 placatos
416 501 451 541 ii
480 500 610 541 facile
637 502 887 551 fateantur,
935 514 1118 556 quorum
1145 498 1280 540 animi
1314 511 1401 539 non
1439 497 1533 538 sint

63 556 393 616 praejudicatae
419 556 613 612 opinioni
634 555 836 607 obnoxii,
864 556 918 600 P.
938 557 983 601 h.
1003 557 1036 599 l.
1057 556 1120 596 sic
1138 553 1367 612 disputare
1393 556 1533 610 patet,

64 618 116 656 ut
144 611 262 670 quod
289 611 497 655 Christus
527 610 670 667 majus
699 611 957 654 beneficium
995 611 1188 653 moriens
1220 626 1248 653 a
1277 610 1373 653 Deo
1410 609 1534 651 nobis

63 669 379 725 impetraverit,
408 681 459 709 eo
478 667 655 709 facilius
677 667 891 710 viventem
911 670 1054 712 minus
1073 669 1409 736 impetraturum
1432 679 1534 707 esse

63 723 284 769 ostendat.
315 744 321 756 ι
344 723 388 766 T
382 723 543 767 holuck.
563 738 606 767 v.
631 721 789 779 ἐχθροὶ
808 719 930 773 ὄντες
955 725 1288 780 κατηλλαγημεν
1306 738 1343 764 τ.
1363 725 1411 764 θ.
1435 722 1474 764 ὁ.
1490 736 1529 764 τ.

62 783 154 838 Χρ.
172 779 523 823 θάοοιιοονᾱίειηι
542 781 657 822 inter
676 782 820 823 Deum
840 785 884 823 et
901 781 1088 823 homines
1110 783 1361 824 restitutam
1377 779 1535 822 refert.

60 837 159 882 -Ubi
178 842 356 881 mutuae
376 851 482 880 sane
501 837 759 879 inimicitiae
779 837 1115 882 exercebantur.
1172 837 1389 881 Homines
1418 835 1535 877 enim

63 910 200 996 2«buum
221 894 310 938 div.
332 895 456 949 leges
477 894 696 937 violarent
714 893 814 937 Deo
841 894 1184 938 inimicabantur
1211 894 1332 952 (Col.
1353 894 1395 946 1,
1414 892 1537 947 21.);

115 967 193 995 eus
215 954 360 994 autem
379 950 626 994 hominibus
648 965 811 994 morem
832 966 917 994 non
943 952 1201 1008 gerentibus
1231 949 1539 994 atrocissimas

65 1023 232 1068 poenas
259 1007 559 1054 denuntiabat.
627 1007 931 1052 Nihilominus
957 1014 1010 1052 ut
1039 1010 1136 1052 voci
1166 1005 1329 1063 ἐχθρός
1355 1006 1538 1064 passiva

66 1067 113 1110 vi
142 1066 343 1124 subjecta
369 1065 539 1109 Christi
567 1069 706 1108 morte
736 1080 822 1108 non
848 1067 937 1111 nisi
961 1065 1075 1120 Dei,
1113 1080 1224 1123 quas
1260 1066 1308 1108 in
1335 1064 1538 1106 homines

67 1127 321 1177 exerceret,
344 1122 599 1178 inimicitias
618 1122 815 1166 sublatas
839 1124 884 1169 h.
904 1125 938 1168 l.
967 1123 1056 1166 diei
1082 1135 1363 1174 censeamuS,
1391 1124 1437 1162 et
1462 1132 1538 1161 res

65 1184 115 1223 et
134 1179 188 1225 Ρ.
207 1179 452 1238 disputatio
471 1180 672 1236 postulat
700 1181 762 1236 (v.
785 1182 958 1238 supra).
1016 1178 1346 1237 σωθησόμεθα]
1378 1176 1538 1232 sempi-

65 1242 190 1280 terno
209 1237 449 1290 beabimur,
479 1250 592 1293 quae
610 1237 820 1279 solemnis
838 1244 907 1280 est
926 1251 967 1281 v.
991 1234 1221 1288 σώζεσθαι,
1239 1236 1285 1278 in
1305 1233 1437 1280 N.T.
1458 1247 1540 1292 po-

67 1297 210 1336 testas
241 1294 363 1349 (Joh.
389 1293 441 1346 3,
471 1294 581 1349 12).
649 1291 704 1336 Id
730 1294 875 1351 ipsum
902 1309 943 1338 v.
962 1295 1006 1337 9.
1026 1292 1080 1338 P.
1109 1294 1164 1336 ob
1191 1307 1368 1335 causam
1398 1304 1540 1348 supra

67 1350 147 1406 (ad
168 1365 210 1395 v,
231 1353 297 1407 9.)
325 1350 650 1393 manifestatam
669 1356 787 1393 recte
804 1351 875 1393 his
896 1365 938 1395 v.
959 1351 1204 1393 enuntiavit
1229 1344 1542 1406 σωθησόμεθα

69 1404 180 1449 ἀπὸ
210 1410 308 1463 τῆς
337 1405 520 1465 ὀργῆς.
580 1406 677 1462 Qua
699 1421 747 1449 re
767 1422 853 1449 non
878 1406 1157 1449 considerata
1175 1405 1338 1448 Rueck.
1362 1403 1420 1446 ad
1449 1417 1543 1445 σω-

66 1459 315 1519 θησόμεθα
333 1478 376 1508 v.
397 1465 465 1507 10.
487 1470 633 1506 mente
650 1463 811 1523 adjecit
838 1462 929 1506 ἀπὸ
956 1464 1036 1519 τῆς
1067 1461 1202 1521 ὀργῆς
1231 1476 1254 1504 e
1280 1475 1323 1506 v.
1340 1462 1385 1505 9.
1408 1459 1455 1503 h.
1477 1473 1514 1504 S.
1528 1473 1542 1502 :

71 1534 103 1563 a
131 1520 222 1562 Dei
249 1521 321 1563 ira
345 1533 661 1576 poenarumque
688 1525 805 1562 metu
827 1520 1106 1562 liberabimur
1133 1522 1342 1574 recteque
1369 1516 1416 1559 id
1439 1516 1543 1559 fieri

67 1573 127 1620 v(213
151 1574 287 1629 μόνον
312 1576 363 1620 δέ
389 1590 429 1620 v.
451 1577 523 1620 11.
554 1575 710 1618 docere
740 1574 1008 1621 miresdixit.
1045 1601 1102 1607 —
1157 1575 1222 1618 V.
1249 1575 1319 1618 11.
1359 1573 1458 1618 Jam
1484 1571 1542 1618 P.

71 1631 331 1688 gradatione
358 1647 483 1684 usus,
511 1646 597 1675 non
616 1633 759 1674 solum
788 1637 959 1685 autem,
987 1630 1159 1689 inquit,
1186 1630 1439 1683 beabimur,
1466 1644 1543 1673 ve-

71 1703 170 1732 rum
208 1689 341 1732 etiam
367 1690 431 1732 sic
456 1689 710 1743 beabimur,
752 1694 804 1732 ut
833 1688 888 1731 de
914 1688 1005 1731 Dei
1027 1689 1178 1732 favore
1204 1701 1286 1746 per
1314 1686 1545 1731 Christum

70 1746 202 1789 nobis
230 1750 357 1804 parto
399 1750 492 1788 tum
528 1747 794 1802 gloriemur,
843 1745 969 1806 cujus
994 1746 1247 1790 interventu
1275 1758 1390 1786 nunc
1417 1743 1547 1787 Deus

73 1803 204 1846 nobis
223 1804 425 1860 placatus
447 1807 532 1848 est.
588 1801 639 1846 οὐ
660 1803 796 1857 μόνον
816 1803 884 1861 δέ]
916 1802 1108 1848 Addunt
1130 1803 1263 1845 τοῦτο
1287 1801 1352 1846 D.
1373 1816 1399 1843 a
1418 1816 1465 1859 p.
1484 1815 1547 1847 m.

73 1860 131 1905 F.
152 1861 208 1905 G.
230 1860 352 1905 Clar.
369 1860 535 1904 Boern.
552 1860 854 1904 Ambrosiast.
874 1876 898 1903 e
915 1862 1199 1914 glossemate.
1248 1857 1546 1913 καυχώμενοι]

75 1914 346 1970 καυχώμεθα
361 1918 407 1961 4.
424 1919 492 1960 10.
506 1917 575 1960 18.
592 1917 664 1960 37.
681 1917 753 1960 80.
772 1916 856 1960 Mt.
876 1918 910 1960 f.
923 1919 956 1960 l.
979 1931 1023 1960 n.
1043 1931 1087 1971 q.
1107 1916 1150 1959 8.
1174 1915 1314 1969 Vulg.
1337 1915 1397 1958 al.
1417 1914 1547 1969 (καυ-

73 1974 220 2027 χῶμεν
240 1974 344 2029 (sic)
366 1973 419 2017 F.
443 1973 540 2028 Gn).
586 1972 683 2014 Hoc
703 1987 875 2029 quoque
896 1987 919 2014 e
940 1973 1206 2027 glossemate
1225 1975 1391 2014 natum.
1439 1968 1550 2012 Ple-

79 2041 244 2086 rosque
270 2030 388 2071 enim
411 2029 504 2088 jam
535 2031 781 2086 antiquitus
811 2032 916 2072 haec
947 2030 1065 2072 falsa
1101 2027 1246 2071 tenuit
1277 2026 1452 2085 opinio,
1496 2029 1549 2068 ut

77 2084 326 2143 Participia
347 2100 587 2143 suppresso
608 2087 741 2129 verbo
762 2086 1038 2130 substantivo
1068 2100 1149 2144 pro
1174 2083 1308 2128 verbo
1338 2084 1465 2126 finito
1491 2097 1551 2125 ex

78 2143 354 2187 -Hebraismo
381 2142 428 2184 in
454 2141 515 2187 N.
543 2141 602 2186 T.
633 2144 739 2202 poni
766 2149 975 2202 putarent
1013 2146 1075 2200 (V.
1103 2143 1259 2198 infra).
1331 2139 1550 2184 Prohavit

82 2196 353 2252 καυχώμεθα
382 2203 484 2256 post
511 2199 755 2243 Colinaenm
779 2200 958 2256 Benqel.
985 2200 1030 2242 in
1051 2200 1233 2254 Gnom„
1271 2198 1336 2241 ita
1355 2196 1552 2254 quidem,

84 2260 137 2300 ut
153 2256 300 2299 verbis
329 2270 370 2301 v.
387 2257 431 2301 3.
458 2254 628 2306 εἰδότες
656 2272 796 2314 usque
828 2257 886 2299 ad
914 2272 956 2302 V.
975 2272 1018 2302 v.
1040 2259 1110 2301 10.
1143 2256 1189 2299 ἐν
1214 2256 1268 2314 τῇ
1297 2255 1385 2311 ζωῇ
1411 2250 1549 2295 αὐτοῦ

83 2318 251 2356 temere
269 2313 315 2355 in
334 2314 619 2371 parenthesin
637 2314 820 2374 abjectis
842 2314 1098 2372 parenthesi
1126 2314 1425 2370 interruptum
1450 2324 1553 2351 ora-

84 2371 223 2413 tionis
249 2370 371 2412 filum
401 2372 477 2426 (οὐ
495 2369 629 2425 μόνον
651 2372 720 2421 δὲ,
750 2370 863 2414 ἀλλὰ
879 2373 953 2414 καὶ
977 2370 1245 2425 καυχώμεθα
1263 2368 1307 2411 ἓν
1325 2369 1421 2417 ταῖς
1438 2364 1552 2408 θλί-

87 2434 226 2484 ψεσιν
245 2441 287 2471 v.
305 2427 371 2482 3.)
396 2428 619 2472 vocabulis
647 2443 690 2474 v.
710 2431 779 2473 ll.
811 2426 862 2471 οὗ
890 2426 1025 2482 μόνον
1051 2429 1121 2477 δὲ,
1151 2424 1264 2469 ἀλλὰ
1283 2426 1357 2467 καὶ
1377 2419 1552 2475 καυχώ-

86 2486 212 2538 μεθα
241 2483 387 2541 repeti
411 2484 602 2528 absurde
633 2484 931 2530 contenderet.
1004 2484 1217 2539 Plerique
1253 2480 1552 2541 explicatores

86 2543 153 2595 (v.
180 2554 218 2584 c.
251 2540 423 2595 Chrys„
462 2542 714 2598 Theophyl„
747 2543 896 2596 Reme,
939 2544 1096 2593 (ὗν-οῗ..
1127 2541 1312 2592 Ηριιφη.,
1354 2537 1552 2589 ΒοεΙυη.,

88 2596 275 2650 Rueck„
310 2597 511 2641 Reichz‘us
539 2599 622 2654 al.)
659 2599 930 2652 καυχώμενοι
961 2603 1103 2640 mente
1129 2595 1280 2638 addito
1307 2591 1437 2649 ἐσμέν
1466 2606 1550 2651 pro

88 2654 359 2707 καυχώμεθα
383 2653 544 2698 dictum
570 2670 669 2698 esse
704 2656 791 2697 sibi
829 2658 1148 2712 persuaserunt
1184 2667 1242 2696 ex
1274 2651 1550 2695 Hebraismo.

92 2709 238 2766 Quem
266 2709 328 2755 N.
357 2710 416 2756 T.
447 2713 738 2770 scriptoribus
770 2711 824 2752 ab
848 2710 1166 2768 interpretibus
1191 2710 1420 2752 obtrusum
1448 2719 1551 2749 esse

93 2767 207 2809 satis
235 2767 481 2811 ostendisse
507 2768 634 2811 nobis
664 2767 860 2812 videmur
889 2770 950 2824 (v,
971 2754 1166 2812 Dissert.
1186 2782 1243 2811 m.
1261 2764 1330 2810 ΙΙ.
1349 2765 1394 2807 in
1413 2763 1457 2807 2.
1478 2776 1552 2818 ep.

93 2822 157 2870 ad
171 2823 274 2873 Cor.
292 2840 339 2884 p.
358 2825 431 2874 43.
453 2840 523 2883 sq.
541 2826 599 2876 cl.
624 2825 736 2874 Win.
756 2839 825 2883 gr.
845 2840 891 2884 p.
906 2825 1047 2882 2860).
1101 2824 1215 2869 Mire
1233 2823 1373 2881 igitur
1391 2818 1550 2865 Rueck.
