1752 3347
573 152 737 201 CAP.
767 154 829 202 V.
877 154 974 201 Va.
1003 157 1090 204 16..
1481 156 1568 200 331

101 258 342 306 tndincm.”
369 262 478 305 ferri
508 266 660 321 posset
689 263 729 308 si
747 261 922 306 deesset
938 257 1021 313 ὧςε
1050 260 1197 306 καὶού
1215 255 1279 306 δι’
1303 256 1400 311 ἑνὸς
1417 254 1567 317 ἁμαρ-

101 316 318 372 τήσαντος
336 319 387 361 τὸ
410 317 596 376 δώρημα
616 319 748 362 ἔστιν.
775 347 828 352 —
887 316 950 362 δι’
980 315 1078 369 ἑνὸς
1105 313 1564 376 ἁμαρτήσαντος]

98 372 164 417 D.
183 373 237 418 E.
255 374 309 420 F.
332 375 388 419 G.
407 377 480 421 26.
499 378 573 421 8⁰.
591 376 864 422 Theodoret.
882 377 928 419 in
950 380 1077 419 textu
1100 379 1210 433 (non
1238 376 1285 419 in
1304 379 1570 416 commenta-

100 430 192 485 rio)
222 430 285 473 δι’
316 428 413 482 ἑνὸς
442 429 841 489 ἁμαρτήματος
868 435 1111 478 continent.
1163 432 1290 476 Idem
1320 430 1463 488 Syrus
1490 431 1572 473 ha-

99 486 206 529 here
227 488 342 528 male
367 490 499 542 vulgo
525 488 735 533 creditur.
792 489 909 532 Nam
938 491 1171 534 lectionem
1194 490 1416 544 vulgatam
1436 492 1574 539 recte,

99 545 151 584 ut
171 540 365 597 videtur,
392 550 644 600 perceptam
660 545 848 587 liberius
868 547 931 588 sic
953 546 1190 603 exprimit:
1217 547 1294 587 καὶ
1323 542 1400 596 οὐχ
1427 540 1485 593 ὡς
1509 544 1572 586 τὰ

102 596 460 654 παράπτωμα
488 600 589 641 τοῦ
627 596 770 654 ἑνὸς,
811 602 927 644 οὕτω
955 601 1006 644 τὸ
1037 600 1235 658 δώρημα.
1300 599 1399 643 Hoc
1422 599 1572 657 ipsum

99 655 189 698 sibi
206 655 400 697 voluisse
418 653 480 699 It.
500 658 546 697 et
556 657 716 712 Vulg.:
744 661 788 700 et
805 671 891 700 non
906 660 1018 701 sicut
1033 672 1261 713 perunum
1291 671 1318 709 p
1330 661 1572 699 occatum

98 711 200 767 (sed
221 711 414 768 quinque
430 711 548 757 Cdd.
564 711 703 769 Vulg.
716 718 966 769 peccantem
982 715 1196 771 praebent
1210 729 1252 758 v.
1264 713 1411 769 Mill.)
1438 713 1506 755 ita
1524 716 1570 755 et

100 769 258 814 doulam
277 768 342 824 (h.
365 784 404 814 e.
423 770 498 812 καὶ
517 765 594 823 οὐχ
614 768 674 821 ὡς
691 767 744 816 δι’
768 767 865 820 ἑνός
883 770 934 815 τὸ
947 767 1263 827 παράπτωμα,
1291 768 1344 814 τὸ
1365 767 1574 826 δώρημα)

102 825 338 883 quominus
359 826 657 884 suspicemur,
685 841 738 869 eo
761 826 1049 886 impedimur,
1111 827 1196 869 uod
1221 827 1328 869 illos
1352 827 1576 883 interpre-

100 887 174 926 tes
201 883 384 926 verbum
410 883 796 945 verho·suhjicere
827 889 1020 930 constat.
1079 842 1400 927 li’teddiderunt
1432 883 1576 939 igitur

102 941 176 985 illi
198 936 251 982 δι’
272 935 370 990 ἑνὸς
397 937 805 998 ἁμαρτήματος
829 942 1023 999 fecitque
1043 955 1141 984 cum
1163 941 1222 984 iis
1239 941 1471 997 Auyustin.
1491 950 1577 983 'se-

104 998 194 1041 mel
212 997 346 1054 epist.
367 998 463 1051 157,
492 1012 531 1041 c.
547 997 591 1042 3.
621 1001 664 1053 §.
684 999 780 1053 20„
809 999 851 1042 si
873 999 1007 1042 lectio
1031 1012 1162 1053 vera,
1190 998 1351 1055 (alias,
1380 997 1576 1045 etiami.

103 1057 148 1099 6.
179 1059 329 1097 contra
348 1054 376 1099 J
380 1055 573 1097 ulianum
592 1069 629 1099 c.
648 1055 694 1099 4.
723 1059 766 1111 §.
785 1058 828 1100 9.
849 1071 932 1115 per
960 1071 1094 1099 unum
1118 1060 1375 1112 peccantem
1399 1055 1578 1108 vertit),

106 1111 242 1169 Rufi,
283 1113 430 1182 Ρεῖαςζ.
443 1145 456 1165 ,
493 1110 784 1166 Ambrosiast.
816 1113 866 1156 in
894 1117 1127 1158 comment.
1159 1118 1203 1155 et
1230 1111 1397 1171 Sedtcl..
1459 1111 1575 1156 -Jam

108 1170 332 1226 scriptura
359 1169 404 1210 δι
444 1165 542 1218 ἑνὸς
570 1164 639 1221 ἁμ
652 1184 680 1211 α
692 1166 832 1227 ρτήμ
844 1186 872 1213 α
884 1186 910 1212 τ
921 1186 945 1213 ο
956 1187 978 1222 ς
1006 1185 1149 1227 neque
1178 1168 1410 1227 displicuit
1430 1167 1579 1211 Gre'es-

107 1226 280 1279 bachio,
316 1231 361 1268 et
385 1224 669 1283 paucissimis
692 1225 754 1271 V.
774 1227 861 1281 D„
888 1230 940 1270 ut
966 1228 1143 1271 Stoi-rio
1161 1227 1194 1271 l.
1215 1241 1254 1270 c.
1287 1229 1334 1267 et
1349 1225 1580 1278 Benoekio,

104 1283 293 1342 probata
315 1288 399 1326 est.
455 1281 627 1325 Verum
648 1283 764 1325 enim
785 1299 890 1328 vero
908 1284 1023 1328 nihil
1043 1290 1112 1328 est
1129 1278 1460 1341 ἁμαρτήματος,
1488 1282 1583 1324 nisi
1631 1306 1635 1307 ν
1703 1277 1708 1281 ’

107 1340 308 1395 vulgaris
344 1339 552 1382 lectionis
600 1336 935 1397 ἁμαρτήσαντος
967 1341 1202 1386 correctio.
1284 1338 1432 1394 Quum
1463 1338 1581 1381 enim

107 1411 152 1441 v.
176 1397 246 1441 15.
275 1394 335 1439 τὸ
365 1396 728 1453 παράπτωμα
757 1412 854 1440 cum
880 1399 944 1454 τῷ
971 1398 1212 1456 χαρίσματι
1239 1397 1449 1439 collatum
1481 1409 1581 1438 esse

105 1452 286 1496 libi-arii
304 1452 546 1506 vidissent,
572 1468 615 1497 v.
636 1455 708 1496 16.
726 1452 790 1497 δι’
811 1451 909 1505 ἑνὸς
937 1451 1364 1512 ἁμαρτήσαντος
1392 1452 1440 1496 in
1457 1466 1582 1497 men-

109 1510 166 1554 do
196 1510 359 1553 cubare
397 1512 611 1567 putarunt
637 1525 782 1566 neque
811 1506 1212 1567 ἁμαρτήματος
1239 1508 1473 1555 emendare
1500 1508 1583 1552 du·-

106 1568 333 1622 hitarunt,
360 1565 627 1624 praesertim
649 1581 781 1623 quum
799 1580 841 1610 v·
855 1581 969 1623 sqq..
985 1568 1065 1609 hoc
1083 1581 1177 1610 voc.
1196 1566 1428 1622 requirere
1457 1565 1583 1610 vide-

106 1630 281 1669 rentur.
338 1623 490 1678 Vulgo
511 1622 626 1665 enim
643 1624 723 1665 illa
742 1637 861 1667 voce.
880 1625 946 1665 sic
976 1627 1211 1681 ceperunt,
1237 1627 1288 1664 ut
1317 1621 1374 1664 ad
1393 1620 1458 1673 ,ἐξ
1484 1619 1584 1675 ἑνός

108 1679 347 1737 cogitando
383 1680 626 1740 adjicerent
663 1678 1125 1734 παραπτώματος
1163 1695 1187 1723 e
1215 1693 1334 1724 vocc.
1362 1677 1411 1721 ἐκ
1433 1680 1584 1722 πολ-

111 1740 216 1781 λῶν
244 1735 714 1794 παραπτωμάτων
738 1736 916 1780 ductum
935 1741 995 1793 (v.
1013 1738 1168 1793 infra).
1210 1735 1426 1779 Fortasse
1446 1737 1584 1779 etiam

109 1795 314 1839 nonnulli
333 1809 360 1836 a
375 1809 443 1839 vs,
467 1793 537 1838 15.
557 1793 748 1836 lectione
772 1798 974 1837 recentes
1001 1809 1084 1851 per
1109 1794 1412 1847 oscitantiam,
1440 1797 1491 1836 ut
1517 1794 1586 1848 fit,

110 1848 430 1910 ἁμαρτήματος
463 1865 546 1908 pro
585 1847 946 1907 ἁμαρτήσαντος,
993 1851 1173 1893 finitimi
1212 1851 1311 1892 soni
1352 1850 1587 1906 vocabulo,

111 1909 406 1965 scripserunt.
474 1905 902 1962 Sed‘praeterquam
935 1903 1414 1964 (Ῑιιοᾶἁμαρτήσαντος
1448 1908 1588 1951 lectio.

112 1969 187 2008 est
212 1963 433 2021 explicatu
461 1961 711 2016 difficilior,
761 1959 1076 2020 ἁμαρτήματος
1119 1964 1353 2006 manifesta
1398 1964 1587 2009 alterius

113 2022 363 2079 scripturae
383 2020 454 2063 vel
481 2022 693 2062 correctio
721 2024 792 2062 est
818 2021 890 2062 vel
917 2019 1199 2077 depravati03
1236 2020 1291 2062 ab
1314 2015 1591 2078 ΑΡ.,ἁμαρ-.

113 2078 331 2136 τήσαντος
348 2076 591 2134 profectum
612 2091 712 2119 esse
733 2092 788 2119 ex
818 2091 871 2118 eo
901 2078 1069 2132 elucet,
1110 2076 1227 2134 quod
1253 2077 1378 2122 unius,
1405 2077 1588 2122 hominis

113 2136 160 2182 J.
179 2134 286 2178 Chr.
306 2133 544 2190 beroiynitas
563 2133 610 2175 in
625 2135 711 2176 fine
726 2149 794 2178 νε.-
816 2133 886 2178 15.
916 2140 1250 2177 commemorata
1277 2135 1441 2180 fecisse
1466 2134 1588 2178 vide-

116 2198 218 2243 tur,
256 2196 307 2233 ut
325 2189 468 2233 Paulo
497 2190 707 2246 cogitatio
738 2196 1020 2245 nasceretur,
1056 2193 1245 2234 alterum
1270 2206 1428 2244 unum,
1457 2191 1588 2238 Ada-

118 2263 261 2303 mum,
289 2261 376 2290 non
399 2247 559 2290 honum
575 2253 652 2290 aut
667 2248 904 2303 benignum
917 2282 930 2302 ‚
956 2247 1036 2291 sed
1055 2249 1277 2292 commisso
1296 2246 1491 2305 facinore
1505 2249 1586 2293 im-

117 2307 236 2363 pium.
262 2305 421 2349 fuisse.
482 2303 646 2361 Itaque
673 2304 726 2348 P.
758 2306 840 2347 hoc
866 2305 996 2350 dicit:
1042 2320 1185 2362 neque
1225 2303 1586 2362 quemadmodum

116 2377 346 2420 perunum
365 2363 648 2419 qui.peccavit
672 2361 847 2419 facinus
874 2362 1067 2415 exstitit,
1095 2361 1235 2419 (quod
1254 2361 1354 2404 Deo
1382 2360 1587 2418 indigna-

119 2420 286 2462 tionem
317 2420 477 2473 movit,
521 2419 775 2461 hominibus
801 2423 988 2462 mortem
1012 2420 1210 2474 attulit),
1254 2419 1319 2460 ita
1357 2417 1586 2464 donarium

90 2524 94 2527 ,
119 2479 420 2533 comparatum
446 2480 516 2519 est
543 2475 684 2532 (quod
702 2476 793 2519 Dei
822 2476 1171 2520 benevolentiam
1199 2476 1480 2530 manifestat,
1508 2478 1588 2521 ho-

119 2533 312 2577 minibus
330 2532 466 2575 vitam
487 2533 712 2590 spondet).
768 2532 903 2583 Erat,
933 2533 1051 2590 quod
1068 2535 1163 2590 Ap.
1189 2533 1299 2575 hanc
1326 2535 1588 2578 sententiam

121 2591 398 2643 illustraret,
428 2605 560 2648 quum
582 2590 799 2633 invectum
830 2605 928 2633 esse
946 2591 1036 2633 Dei
1066 2589 1225 2632 donum
1248 2604 1329 2646 per
1355 2605 1488 2634 umam
1513 2591 1588 2634 ho-

122 2648 280 2691 minem
299 2646 370 2704 qui
385 2647 673 2702 peccavisset,
702 2646 818 2688 sicut
837 2652 985 2689 natum
1003 2648 1107 2688 olim
1128 2651 1248 2689 esset
1262 2646 1459 2701 facinus,
1483 2647 1587 2691 sim-

121 2705 295 2761 pliciter
328 2708 528 2759 neynret,
566 2702 646 2745 sed
671 2703 844 2745 donarii
870 2704 1111 2758 rationem,
1157 2703 1283 2762 cujus
1321 2705 1588 2748 contrariam

124 2776 226 2803 esse
243 2759 536 2802 conditionem
556 2759 799 2803 verisimile
820 2766 937 2813 erat,
968 2760 1143 2803 minime
1159 2760 1387 2804 enodaret.
1443 2759 1587 2819 quue

126 2818 233 2863 {ecit
259 2817 476 2876 proximis
510 2832 552 2865 v.
581 2816 632 2861 τὸ
663 2817 742 2874 μὲν
770 2815 853 2876 γὰρ
880 2814 1017 2876 κρίμα
1045 2842 1101 2869 -ς
1119 2815 1195 2873 ,εἰς
1224 2815 1462 2873 δικαίωμα.
1523 2819 1587 2862 Τὸ
