1752 3347
446 176 541 222 CA
556 176 610 223 1².
642 175 702 220 V.
744 174 837 221 Vs.
868 176 910 220 1.
925 174 1048 218 -8..
1391 168 1478 214 255

18 288 77 333 ad
96 300 187 330 rem
208 289 252 329 et
271 285 478 328 ‘introitus
500 285 544 327 ‘e'n
562 298 670 328 rem.
698 282 943 326 Herodian.
966 282 1005 331 1,
1029 280 1069 334 5,
1093 281 1132 324 1.
1158 303 1212 310 -
1242 274 1367 327 ἔδοξε
1385 277 1479 326 τοῖς

59 344 174 394 ίλοις
200 344 525 398 προςαγαγεῖν
551 341 600 382 τὸ
627 338 859 398 μειράκιον
884 338 968 387 εἰς
995 333 1048 381 τι)
1075 330 1379 399 σιρατόπεδρν
1406 359 1476 377 -.

16 359 161 457 ὃιιειιιι
184 397 237 443 P.
257 400 483 448 δεικτικῶς
504 397 610 440 dicit
632 397 709 453 τὴν
736 396 866 453 χάριν
895 391 1079 451 ταίτην,
1112 393 1156 435 ἐν
1181 384 1206 446 ἦ
1236 387 1477 444 ἓστηκαμεν

20 471 163 513 neque
191 455 592 509 ])‹›i.‚benev0lemia
623 458 713 507 est,
750 457 835 510 que?
863 453 1052 510 fruimur
1079 451 1157 505 (cf.
1185 447 1354 501 Bezcc),
1400 460 1476 487 ne-

19 527 104 570 que
126 514 250 556 beata
267 511 483 553 hominum
503 511 708 559 conditio,
737 510 782 550 in
802 523 903 564 quos
922 509 971 550 ob
998 507 1126 562 fidem
1157 505 1348 563 habitam
1379 503 1478 558 plu-

17 571 134 614 rima
158 570 279 611 Deus
310 566 515 618 beneficia
551 566 720 620 conli‘rt
767 566 785 617 (
799 566 947 618 chrys.
962 597 974 617 ,
1017 562 1265 617 leopleyl„
1315 560 1478 613 matt„

19 624 178 668 Rueck.
192 655 205 675 ‚
241 620 382 664 Winz.
402 636 446 677 p.
467 622 511 664 6.
532 621 638 672 aL),
669 625 735 666 bct
755 621 1036 675 &nobcnstaub
1057 624 1123 664 be&
1145 618 1351 672 ,qtaubigen
1366 618 1478 667 §brix

16 685 109 739 stell.
164 677 359 734 Utrique
381 675 496 719 enim
519 676 684 719 rationi
703 691 744 721 v.
765 676 808 720 ἐν
827 671 856 734 ᾗ
885 673 1198 731 ἑστήκαμεν
1228 671 1479 729 [dicendum

15 743 115 781 erat
140 735 185 779 ἓν
215 726 241 790 ἦ
268 733 367 787 ε’σμ
382 734 461 789 εν]
491 732 782 776 adversantur
807 732 1046 792 posteriori
1071 733 1199 774 etiam
1227 731 1332 783 hoc,
1363 727 1483 786 quod

14 776 239 838 fortunat'a
276 790 362 832 ista
393 789 615 832 hominum
647 791 802 833 christ.
830 788 1023 832 conditio
1053 793 1097 830 et
1124 788 1211 829 Dei
1237 801 1324 844 pax
1363 801 1405 830 v.
1438 788 1481 830 l.

17 852 254 893 memorata
278 847 389 889 nihil
408 847 526 889 inter
547 861 595 889 se
614 846 802 889 distant.
859 846 1041 890 Scilicet
1070 846 1182 886 male
1211 846 1261 886 de
1288 842 1482 896 maius,

16 906 202 958 Rueck„
252 904 389 948 Winz.
412 904 445 948 l.
468 904 501 948 l.
529 902 574 947 ἐν
600 895 628 961 ᾖ
657 900 898 960 ἑστήκαμεν
920 906 1168 944 verterunt:
1200 901 1245 942 in
1275 904 1360 960 quc?
1390 914 1481 942 su-

17 977 151 1016 mac,
202 960 551 1018 quandoquidem
583 956 877 1015 ἓστηκέναι
915 956 962 1001 ἔν
1000 974 1087 1001 τινι
1123 972 1204 1015 pro
1244 961 1394 1000 εἶναι
1433 952 1482 998 ἔν

15 1035 105 1063 τινι
125 1018 359 1071 Germani,
389 1032 474 1060 non
497 1018 657 1061 Graeci
681 1017 826 1059 dicere
855 1019 1175 1059 consueverunt
1191 1047 1202 1067 ,
1233 1015 1309 1071 qui
1332 1011 1482 1056 verbis

17 1091 129 1133 quae
148 1081 266 1122 stare
285 1074 536 1129 significant
554 1074 779 1116 firmitatis
807 1077 850 1116 et
877 1072 1231 1131 perseverantiae
1261 1071 1483 1114 notionem

14 1133 248 1176 inhaerere
268 1137 386 1175 recte
399 1131 726 1190 judicaverunt.
784 1130 900 1173 Nam
923 1131 999 1188 qni
1017 1134 1108 1172 stat
1132 1144 1272 1185 neque
1300 1128 1483 1172 vacillat

15 1203 162 1247 neque
187 1188 306 1232 cadit
333 1203 473 1245 neque
497 1189 628 1244 fugit.
694 1187 825 1231 Unde
852 1193 1082 1231 converte:
1122 1187 1165 1228 in
1200 1187 1283 1244 qua
1313 1189 1483 1228 stamus

16 1247 49 1290 i.
73 1261 113 1295 e.
139 1259 471 1305 perseveramus
489 1261 530 1289 v.
553 1248 577 1287 l
599 1245 702 1290 Cor.
722 1245 790 1298 15,
811 1248 851 1288 1.
880 1246 908 1286 2
929 1245 1032 1290 Cor.
1055 1247 1095 1297 1,
1114 1245 1188 1287 24.
1219 1244 1246 1288 J
1250 1243 1321 1287 oh.
1342 1244 1384 1295 8,
1403 1242 1481 1286 44.

16 1302 134 1362 Eph.
154 1305 205 1358 6,
227 1303 295 1346 13.
329 1304 354 1344 l
377 1300 500 1346 Petr.
519 1302 570 1356 5,
600 1302 687 1346 12..
745 1302 872 1344 Licet
899 1317 1005 1344 sane
1036 1300 1115 1358 τὴν
1139 1298 1271 1359 χάριν
1300 1299 1481 1355 ταύτην,

17 1357 65 1402 ἐν
87 1355 117 1419 ᾗ
142 1355 298 1418 ἑστήκέ
330 1358 386 1401 ad
411 1360 498 1403 Dei
533 1373 684 1415 pacem
709 1374 750 1403 v,
772 1361 812 1402 1.
839 1360 1007 1401 referre
1039 1358 1205 1413 (Kopp.
1234 1352 1357 1401 Mor.
1384 1357 1483 1406 aL).

18 1415 152 1473 Quod
181 1417 257 1473 qui
289 1419 406 1459 recte
436 1416 534 1471 liegi
563 1421 724 1472 negant
751 1415 930 1471 (Rueck.
958 1420 1002 1458 et
1027 1415 1166 1458 Winz.
1194 1430 1238 1472 p.
1255 1415 1345 1467 6.),
1377 1413 1484 1469 quia

16 1477 111 1515 tum
142 1471 218 1515 καί
245 1477 346 1531 post
372 1474 433 1515 δι’
461 1472 512 1516 οὗ
537 1477 646 1527 tunr
658 1472 974 1515 sententiarum
1006 1471 1112 1514 ordo
1136 1472 1191 1528 τῇ
1221 1468 1485 1526 προςαγωγῇ

16 1527 84 1580 εἰς
99 1527 177 1587 τὴν
192 1527 321 1586 χάριν
338 1528 524 1585 ταύτην,
555 1527 602 1571 ὲν
620 1528 649 1586 ᾖ
672 1525 761 1570 ἐστ.
781 1544 805 1570 a
824 1528 913 1570 Dei
933 1544 1039 1585 pace
1067 1528 1314 1587 sejunctum
1344 1527 1485 1582 eaque

16 1585 298 1645 splendidius
321 1589 621 1628 ornamentum
639 1584 829 1626 indicari
845 1589 1028 1639 arguat,
1054 1585 1109 1625 ab
1139 1586 1232 1639 ipsc?
1250 1598 1299 1626 re
1319 1584 1483 1625 aditum

17 1644 78 1687 ad
101 1658 195 1687 rem
216 1643 319 1703 jure
349 1641 567 1697 distingui
593 1656 678 1683 non
710 1646 996 1699 reputarunt:
1023 1664 1080 1672 -——
1099 1654 1250 1695 pacem
1271 1639 1484 1681 hahemus

18 1715 115 1743 cum
132 1699 232 1743 Deo
253 1714 331 1757 per
356 1698 607 1751 Christum,
637 1713 717 1756 per
744 1713 872 1755 quem
898 1699 1031 1741 etiam
1060 1697 1226 1740 aditum
1247 1696 1485 1738 habuimus

16 1758 130 1814 (tum
165 1771 298 1814 quum
327 1771 408 1798 nos
437 1756 483 1798 in
504 1756 672 1800 Christi
701 1754 980 1813 disciplinam
1005 1753 1225 1810 dedimus)
1249 1752 1336 1795 fide
1356 1768 1488 1810 quam

17 1813 303 1874 praebuimus
325 1814 382 1856 ad
398 1813 478 1856 hoc
495 1814 583 1857 'Dec'
601 1811 1011 1867 pcccisbeneficium,
1038 1813 1083 1855 in
1110 1826 1195 1868 quo
1225 1825 1484 1868 persevera-

19 1885 116 1913 mus
135 1886 172 1915 s.
193 1870 310 1927 quod
327 1874 543 1914 tenemus.
598 1869 687 1912 Sed
707 1870 844 1924 friget
868 1874 1014 1911 tamen
1035 1869 1270 1911 sententia.
1318 1868 1486 1925 Sponte

20 1928 134 1970 enim
158 1927 446 1983 intelligitur,
476 1927 541 1968 rei
563 1941 691 1983 quam
711 1924 898 1984 alicujus
918 1925 1129 1967 beneficio
1151 1923 1382 1981 possideas
1414 1940 1487 1967 co-

19 1985 139 2042 piam
167 1981 373 2026 eum’tihi
398 1983 580 2035 fecisse,
618 1984 687 2024 cui
715 1996 806 2023 rem
837 1981 1012 2024 debeas.
1071 1980 1263 2038 Alioqui
1281 1996 1335 2023 ne
1355 1980 1487 2023 dehe-

19 2055 95 2083 res
114 2039 287 2096 quidem
317 2040 359 2082 ei
389 2054 494 2081 rem.
552 2038 682 2082 Unde
708 2039 784 2095 qui
810 2035 964 2091 ἔχομεν
990 2042 1142 2080 tenere
1169 2037 1414 2081 decreverit
1441 2042 1487 2080 et:

20 2101 72 2139 ut
109 2097 248 2152 magis
284 2095 486 2138 idoneam
526 2096 785 2138 sententiam
821 2101 1118 2152 consequatur
1156 2099 1200 2137 et
1237 2102 1420 2153 propter
1449 2096 1484 2139 l.

24 2156 49 2196 1
71 2154 173 2197 Cor.
195 2153 271 2207 15,
299 2153 342 2201 2.
369 2153 398 2194 2
421 2152 522 2196 Cor.
546 2154 592 2205 l,
610 2153 683 2196 24.
716 2155 739 2194 l
762 2152 882 2197 Petr.
904 2152 952 2206 5,
981 2153 1057 2210 J2.
1085 2167 1171 2195 non
1200 2152 1374 2208 quidem
1407 2150 1487 2208 τὴν

22 2205 334 2267 προςαγωγήν,
364 2208 442 2251 sed
463 2208 527 2259 εἷς
545 2208 623 2266 τὴν
645 2205 774 2264 χάριν
798 2225 859 2260 τ.,
901 2208 946 2252 ἒν
975 2212 1000 2266 ἡ
1038 2205 1125 2251 ἐστ.
1154 2225 1258 2252 voce
1288 2223 1484 2265 sonoque

22 2268 193 2322 erigere
220 2271 264 2308 et
292 2266 397 2309 haec
425 2281 468 2310 v.
494 2265 555 2308 ad
585 2265 827 2308 doctrinam
858 2265 947 2311 div.
977 2267 1144 2308 referre
1171 2266 1329 2309 debeat
1360 2266 1404 2308 h.
1426 2280 1489 2309 S.:

23 2339 154 2380 quum
175 2322 311 2379 igitur
330 2323 629 2378 integritatem
646 2322 731 2366 fide
761 2322 910 2381 adepti
937 2324 1100 2377 simus,
1132 2324 1175 2364 in
1203 2338 1310 2380 pace
1337 2338 1487 2365 sumus

23 2395 119 2422 eum
145 2379 244 2422 Deo
265 2380 434 2424 Christi
453 2380 687 2433 beneficio,
718 2395 798 2438 per
818 2395 946 2438 quem
971 2382 1103 2423 etiam
1134 2379 1301 2422 aditum
1330 2379 1488 2422 habui-

23 2451 120 2480 mus
143 2437 270 2479 fidem
289 2436 535 2495 praebendo
556 2438 614 2479 ad
631 2438 710 2480 hoc
733 2438 815 2480 div.
839 2437 1007 2494 favoris
1026 2439 1345 2490 clocmmmtmn,
1375 2437 1486 2493 quod

20 2499 193 2539 tuemur
221 2494 274 2550 (i.
292 2508 331 2538 e.
353 2494 409 2536 ad
430 2494 739 2550 evangelium).
796 2493 887 2536 Sed
913 2495 985 2538 vel
1012 2495 1077 2536 sic
1107 2494 1323 2535 sententia
1354 2508 1419 2537 vs,
1438 2494 1483 2538 2.

22 2551 335 2608 comprehensa
370 2549 564 2606 languet.
636 2550 753 2593 Nam
784 2551 941 2605 nohis,
989 2551 1066 2608 qui
1094 2548 1408 2599 δικαιωθέντες
1440 2550 1487 2592 ἐκ

22 2605 216 2658 πίστεως
247 2607 415 2651 Christi
442 2608 652 2651 beneficio
688 2623 794 2665 pace
831 2609 1031 2650 fruamur
1071 2621 1165 2648 cum
1192 2606 1316 2660 Deo,
1353 2607 1486 2650 etiam

23 2663 189 2707 aditum
206 2665 265 2706 ad
280 2665 541 2720 evccnyele’um
563 2665 787 2708 Christum
806 2665 1059 2722 aperuisse,
1091 2679 1220 2720 quum
1240 2678 1312 2706 res
1332 2679 1483 2720 quem-

22 2720 90 2764 vis
114 2720 290 2763 doceret
318 2723 418 2777 (qui
436 2722 548 2763 enim
569 2721 668 2763 Deo
691 2721 774 2762 fide
797 2720 972 2778 probati
1002 2721 1138 2763 simus
1163 2721 1360 2765 doctrina
1393 2720 1482 2764 div.

25 2790 164 2835 neque
185 2778 360 2833 cognita
381 2792 521 2834 neque
545 2778 744 2835 suscepta
756 2773 799 2834 ?)
828 2792 913 2820 non
940 2782 1037 2833 erat
1066 2778 1180 2835 quod
1200 2777 1251 2822 P.
1271 2783 1481 2834 tanquam

24 2832 240 2891 insignem
261 2849 354 2878 rem
375 2849 416 2882 v.
435 2836 480 2882 2.
498 2838 870 2882 commemoraret.
927 2833 972 2880 ἐν
988 2834 1016 2895 ᾗ
1031 2830 1121 2878 ἐστ.
1151 2833 1227 2878 καί
1255 2833 1483 2888 καυχώμε-
