1752 3347
569 143 729 193 GAP.
760 143 821 194 V.
865 144 958 192 Vs.
989 145 1090 194 1⁷..
1461 140 1548 185 33⁵

10 293 13 310 ὲ
81 256 129 298 et
155 251 210 296 τό
234 251 431 308 χάρισμα
458 251 681 312 disjuncta
711 254 856 310 quitis
883 253 1018 307 facile,
1039 252 1221 298 sentiat.
1294 250 1412 294 Nam
1436 263 1550 293 unm

79 324 263 366 peccans
284 312 410 353 ulcus
430 311 677 364 contraxit,
705 313 841 354 nenena
862 312 1009 355 ulcera
1028 310 1173 354 Deum
1190 311 1439 360 evocarunt,
1470 306 1550 362 qui

82 367 390 425 multiplicatis
423 367 679 411 vulneribus
709 367 974 412 mederetur.
1047 367 1193 410 Totus
1212 381 1278 410 VS.
1309 366 1372 408 sic
1391 364 1549 407 habet:

81 432 223 480 neque
244 423 605 479 quemadmodum
619 439 699 478 per
716 439 847 467 venum
865 426 938 482 qni
952 426 1145 480 peccavit
1165 430 1388 481 peccatum
1408 423 1550 477 (mor-

81 481 143 522 tis
160 481 314 533 causa)
333 484 480 521 natum
499 485 590 533 est,
620 479 866 536 hujusmodi
885 482 1015 536 (Dei)
1034 481 1260 524 donarium
1287 483 1371 523 est.
1429 477 1549 520 Nam

79 535 171 579 Dei
189 535 407 577 sententia
429 535 565 590 (Gen.
585 535 629 588 2,
647 537 740 588 17.)
754 549 834 590 per
851 552 981 579 unum
997 540 1145 594 (quum
1163 535 1337 592 facinus
1354 535 1551 588 obiisset)

11 616 15 647 3
79 593 128 635 in
154 590 416 634 sententiam
449 591 609 643 cessit,
658 592 745 647 qua
773 590 994 635 damnatio
1025 592 1080 634 ad
1110 591 1291 648 (mortis
1317 589 1377 648 ph
1410 589 1551 642 sicae)

79 662 264 707 poenam
290 647 442 698 fieret3
478 646 707 689 donarium
737 651 883 690 autem
913 649 1003 691 Dei
1034 648 1113 704 (ad
1139 647 1365 692 condonan
1397 660 1422 688 a
1447 660 1553 703 pec-

80 709 179 748 cata
199 702 449 761 pertinens)
476 718 555 759 per
580 704 718 746 multa
748 705 974 747 commissa
999 710 1179 759 peccatu
1210 705 1255 746 in
1284 703 1551 746 sententiam

12 812 13 820 ἵ
79 760 218 804 οεεὲίί
236 760 476 820 ejusmodi,
507 759 593 817 qua
619 760 818 803 homines
844 761 1089 828 impietatis
1118 762 1314 804 absoluti
1340 759 1553 818 perennis

11 821 15 871 3¹
79 818 199 862 vitae
228 831 351 875 spem
378 817 536 859 animis
566 818 847 875 conciperent
883 820 936 874 (1.
959 833 999 863 e.
1028 819 1167 860 multa
1201 818 1320 860 edita
1354 817 1555 860 facinora

11 876 13 881 ’
80 875 343 927 effecerunt,
373 877 422 916 ut
448 873 538 916 Dei
568 873 798 917 donarium
825 875 1077 918 hominihus
1108 874 1376 917 destinatum
1406 877 1555 916 ratum

80 933 209 975 fieret
227 935 272 974 et
290 935 497 988 tanquam
518 930 789 974 absolutoria
810 932 1028 975 sententia
1048 932 1446 990 promulgaretur).

55 1037 58 1039 Δ
195 988 257 1033 V.
278 989 346 1032 17.
397 987 627 1031 Sententia
657 989 806 1031 verbis
840 1004 881 1033 v.
902 991 973 1032 16.
1003 988 1054 1032 τὸ
1086 990 1135 1032 δὲ
1155 986 1352 1044 χάρισμα
1373 987 1407 1031 ἒ.
1428 1001 1476 1030 π.
1501 999 1554 1029 π.

82 1061 119 1089 ε.
140 1045 179 1088 ὃ.
199 1045 426 1089 enuntiata
447 1046 526 1087 hoc
546 1060 611 1088 VS.
632 1046 710 1101 (cf.
731 1045 838 1103 γάρ)
861 1046 924 1088 ita
945 1047 1170 1098 firmatur,
1201 1050 1250 1088 ut
1271 1045 1364 1088 Dei
1390 1044 1555 1086 donum

81 1117 164 1161 per
183 1103 320 1145 multa
339 1107 513 1159 patrata
536 1108 714 1159 peccata
746 1103 791 1144 in
821 1102 1139 1146 absolutoriam
1158 1102 1247 1145 Dei
1274 1101 1556 1154 sententiam,

83 1173 200 1216 quae
231 1159 440 1217 perennis
468 1159 585 1202 vitae
614 1174 735 1217 spem
763 1159 890 1202 nobis
918 1160 1090 1213 faciat,
1107 1160 1261 1216 utique
1289 1159 1481 1202 cessisse
1499 1157 1556 1204 P.

82 1231 140 1259 ex
165 1230 217 1258 eo
244 1231 266 1257 a
302 1229 459 1273 parere
493 1215 635 1269 dicat,
666 1215 806 1272 quod,
837 1232 971 1274 quum
999 1217 1163 1274 optimo
1191 1217 1367 1259 numine
1396 1214 1453 1258 ad
1480 1229 1558 1259 ve-

81 1272 255 1316 xandos
307 1272 474 1315 omines
496 1272 671 1314 minime
690 1273 902 1316 inclinato
920 1277 1065 1316 tamen
1083 1288 1216 1316 unum
1233 1273 1366 1316 unius
1385 1270 1558 1317 Adami.

81 1330 257 1372 facinus
274 1329 430 1371 mortis
449 1329 735 1372 acerbitatem
755 1330 801 1372 in
827 1345 908 1372 nos
937 1330 1138 1374 derivare
1165 1331 1385 1387 potuerit,
1415 1330 1557 1371 multo

82 1386 226 1441 magis
248 1385 512 1443 sperandum
534 1386 616 1438 sit,
645 1386 740 1428 fore
763 1391 812 1428 ut
840 1388 885 1429 in
917 1402 1027 1444 quos
1055 1386 1447 1429 beneficentissimi
1464 1385 1559 1428 Dei

83 1442 369 1486 exuberantia
396 1444 561 1485 favoris
589 1443 864 1499 donataeque
891 1443 1166 1499 integritatis
1193 1445 1447 1485 conferatur
1474 1455 1558 1499 per

82 1515 219 1542 unum
249 1498 499 1551 Christum,
535 1499 625 1540 Dei
654 1500 875 1553 legatum,
919 1501 1189 1558 sempiterna
1216 1501 1306 1542 vitai
1337 1501 1558 1543 fruamur.

82 1556 258 1614 Nempe
289 1559 339 1597 ut
357 1569 399 1599 v.
418 1569 459 1598 v.
481 1556 552 1598 16.
581 1552 632 1596 τὸ
661 1556 743 1607 μὲν
772 1553 857 1610 γὰρ
883 1555 1020 1615 ιςρίμα
1040 1554 1091 1606 ἐξ
1109 1552 1206 1605 ἑνὸς
1225 1555 1291 1605 εἰς
1308 1554 1558 1611 κατάκριμα

82 1613 498 1665 corroborarentur,
526 1610 704 1653 minime
723 1615 820 1653 erat
837 1625 1036 1656 necesse.
1093 1611 1211 1654 Nam
1234 1627 1385 1655 omnes
1414 1611 1558 1654 homi-

15 1671 17 1675 '
83 1685 167 1713 nes
193 1683 334 1726 usque
363 1667 420 1710 ad
449 1667 668 1726 Apostoli
695 1672 884 1711 aetatem
915 1673 1100 1711 mortem
1132 1669 1375 1726 oppetiisse
1400 1668 1558 1723 negari

15 1727 19 1775 ]
83 1741 174 1770 non
188 1729 389 1784 poterat3
417 1740 559 1782 neque
577 1730 674 1767 erat
695 1725 994 1780 metuendum,
1023 1741 1079 1768 ne
1100 1741 1201 1782 quis
1223 1725 1339 1782 quod
1355 1726 1560 1768 homines

82 1783 277 1842 improbi
297 1787 439 1824 morte
460 1783 778 1824 mulctarentur
796 1782 972 1825 Adamo
1001 1784 1326 1825 attribuendum
1354 1798 1454 1825 esse
1480 1797 1560 1824 ne-

84 1845 230 1897 garet.
285 1838 410 1882 Illud
428 1839 726 1896 Apostolum,
756 1840 832 1894 qui
848 1844 978 1893 grato
998 1846 1302 1895 commotoque
1330 1839 1474 1880 animo
1503 1838 1559 1880 de

83 1901 236 1955 peste,
285 1910 415 1952 quam
447 1898 503 1937 ab
531 1895 710 1937 Adamo
744 1895 1027 1952 importatam
1056 1895 1185 1937 Deus
1216 1895 1388 1938 Christi
1423 1896 1560 1952 operti

85 1953 334 2010 depulisset
353 1951 397 1994 h.
414 1952 448 1994 l.
467 1950 740 2008 disputaret,
770 1965 1031 1994 asseverare
1056 1952 1262 2005 decebat,
1299 1951 1559 1994 dulcissima

86 2025 190 2068 spe,
228 2008 316 2065 qua
346 2008 544 2049 homines
571 2007 725 2050 christ.
753 2006 985 2062 ducamur,
1021 2009 1118 2050 fore
1143 2014 1193 2051 ut
1217 2008 1381 2064 integri
1410 2023 1432 2049 a
1455 2007 1557 2050 Deo

85 2065 301 2110 declarati
331 2064 378 2106 in
409 2064 595 2121 perenni
620 2063 838 2120 beataque
865 2065 955 2107 vita
983 2066 1270 2119 collocemur,
1309 2065 1424 2107 nihil
1449 2065 1560 2119 fingi

86 2137 220 2182 posse
236 2122 420 2165 certius.
475 2121 692 2178 Apostoli
713 2123 1035 2176 argumentatio
1062 2136 1104 2166 V.
1124 2124 1193 2167 17.
1218 2121 1370 2165 eodem
1401 2121 1559 2164 funda-

20 2196 21 2200 ¹
87 2184 236 2225 mento
263 2178 445 2231 nitItur,
492 2192 579 2234 quo
614 2178 725 2220 fulta
755 2182 882 2231 sunt,
921 2193 1032 2235 quae
1058 2192 1099 2223 v.
1122 2179 1194 2223 15.
1220 2180 1430 2235 leguntur
1458 2178 1558 2235 (ubi

86 2236 177 2281 vid.
199 2235 388 2290 notata).
446 2233 568 2290 Quin
585 2235 717 2277 etiam
743 2235 966 2292 posterius
992 2250 1059 2280 vs,
1082 2237 1152 2281 17.
1171 2237 1412 2279 membrum
1437 2235 1558 2279 πολ-

87 2294 152 2350 λῷ
175 2293 344 2347 μᾶλλον
361 2307 399 2333 κ.
410 2306 448 2333 τ.
460 2292 502 2336 λ.
525 2291 584 2334 iis
603 2306 643 2334 v.
664 2290 718 2336 P.
738 2293 961 2349 concepit,
991 2292 1151 2349 quibus
1181 2308 1278 2335 eum
1306 2308 1371 2336 vs.
1396 2291 1465 2336 15.
1485 2291 1555 2334 di-

87 2354 259 2393 ctorum
297 2362 530 2391 memorem
566 2348 708 2391 fuisse
746 2355 958 2406 appareat
994 2354 1059 2406 (v.
1088 2350 1244 2405 infra).
1322 2349 1554 2394 Wetsten.:

85 2406 231 2462 „Non
260 2409 429 2448 tantum
455 2406 656 2448 restituit
676 2405 882 2450 Christus
915 2421 1027 2462 quae
1048 2406 1254 2450 Adamus
1285 2405 1556 2464 perdiderat,

20 2468 21 2485 ³
86 2465 162 2507 sed
185 2463 318 2506 multo
343 2464 474 2516 plura
497 2463 692 2507 donavit:
727 2478 814 2505 non
841 2462 1023 2505 reduxit
1049 2463 1097 2505 in
1127 2461 1382 2521 paradisum
1410 2466 1555 2505 terre-

87 2527 250 2572 strem,
279 2518 357 2566 scd
374 2518 508 2561 vitam
529 2523 750 2562 aeternam
778 2520 824 2562 in
848 2520 985 2562 coelis
1010 2519 1258 2577 promisit.”
1314 2520 1443 2563 Patet
1469 2520 1554 2562 hoc

86 2592 112 2620 e
129 2578 221 2619 tota
240 2574 295 2621 P.
315 2574 615 2633 disputatione
634 2591 676 2620 v.
697 2577 912 2620 12.—-21.
925 2609 937 2630 ,
967 2576 1046 2619 sed
1075 2591 1218 2633 neque
1245 2576 1385 2619 voluit
1409 2591 1553 2634 neque

88 2634 234 2693 potuit
250 2632 296 2675 id
314 2633 408 2689 Ap.
432 2632 580 2675 verbis
607 2648 648 2676 v.
666 2631 737 2676 17.
767 2632 1087 2677 demonstrare.
1146 2632 1291 2689 Quum
1317 2633 1552 2689 utriusque

22 2695 23 2699 ’
87 2706 157 2736 VS.
175 2705 340 2743 nexus,
371 2702 498 2745 quem
516 2704 649 2747 supra
673 2688 893 2742 diximus,
921 2690 1018 2732 luce
1036 2690 1199 2732 clarior
1219 2690 1301 2743 sit,
1334 2689 1551 2732 Raeclcer-

87 2753 133 2792 to
153 2753 199 2789 et
223 2747 450 2789 Koellnero
475 2760 572 2788 eum
599 2747 673 2788 vix
703 2746 980 2799 suboluisse,
1008 2746 1230 2789 Reiclzium
1258 2747 1391 2789 etiam
1420 2761 1549 2803 prae-

87 2805 247 2849 tei-isse
272 2808 390 2847 recte
419 2802 610 2852 mireris.
666 2804 728 2860 τῷ
746 2803 836 2864 ,τοῦ
863 2799 960 2856 ἑνὸς
990 2800 1344 2862 παραπτώματι]
1383 2803 1458 2847 44.
1485 2803 1549 2861 τῷ
