1889 3428
334 247 372 273 vu
841 223 1302 271 PRAEFATIO.

339 341 429 385 zeri
453 341 599 384 libros
633 338 778 383 literis
805 340 1023 397 prodesse
1044 336 1345 395 judicabunt,
1390 335 1657 392 diligentiae
1680 349 1807 378 meae

339 432 383 466 et
404 419 537 476 fidei,
575 435 692 480 quae
714 426 835 462 certe
858 432 1039 461 summa
1071 415 1184 470 suit,
1223 415 1428 459 fructum
1456 429 1529 457 me
1549 413 1807 471 percepisse

340 497 628 544 existimabo.
683 496 919 542 Constitui
941 504 1095 539 autem
1122 493 1363 553 epistolam
1385 493 1441 536 ad
1465 489 1608 538 Rom.
1629 490 1682 534 ea
1701 490 1812 535 sub-

340 580 530 631 tilitate,
572 577 679 620 cura
719 584 762 619 et
791 573 1147 634 perspicuitate,
1187 587 1305 632 quae
1336 587 1463 615 nnnc
1483 571 1583 629 jure
1603 568 1811 628 postula-

342 668 418 702 tur
440 674 463 701 a
497 659 634 700 docto
667 656 944 712 interprete,
989 652 1071 713 qui
1095 660 1141 696 et
1161 651 1318 696 literas
1344 650 1489 709 probe
1521 646 1741 692 didicerit
1772 655 1815 689 ct

344 735 457 795 quid
489 734 578 778 sibi
610 732 724 776 velit
754 747 851 775 non
884 731 1037 776 solum
1068 731 1164 789 ipse
1196 729 1304 773 satis
1338 728 1450 772 sciat
1480 743 1642 770 verum
1677 726 1815 769 etiam

343 815 483 872 plane
505 813 659 856 dicere
682 810 825 874 possit
847 811 976 865 aliis,
1022 810 1082 854 ita
1118 809 1392 868 explanare,
1426 815 1478 850 ut
1504 807 1743 850 modicum
1775 814 1819 850 et

345 891 473 952 quod
506 906 603 935 non
631 905 800 948 magno
841 891 990 949 pretio
1022 890 1162 934 vendi
1191 897 1347 947 posset
1374 886 1820 932 commentariorum

345 984 558 1013 meorum
581 968 805 1012 volumen
827 968 1099 1013 efficeretur.
1170 966 1309 1023 Quod
1336 981 1395 1008 ne
1426 965 1474 1008 in
1496 964 1690 1008 nimiam
1719 980 1822 1007 ma-

344 1046 639 1103 gnitudinem
664 1056 886 1091 cresceret
907 1063 1058 1107 neque
1085 1046 1173 1090 nisi
1199 1045 1464 1104 potissimas
1483 1043 1601 1090 Cdd.
1622 1043 1823 1088 varieta—

346 1135 413 1168 tes
436 1124 589 1181 tetigi‚
623 1134 668 1169 et
695 1141 771 1169 eas
794 1128 1118 1170 tantummodo
1143 1126 1450 1183 interpretum
1471 1124 1723 1168 sententias
1747 1140 1824 1167 ex-

349 1201 581 1256 aminavi,
621 1218 739 1262 quae
768 1211 847 1247 aut
869 1203 1100 1261 speciosae
1123 1202 1279 1260 putari
1301 1210 1488 1260 possent
1510 1210 1589 1244 aut
1611 1210 1717 1246 utut
1737 1202 1825 1244 sal-

350 1296 425 1324 sae
455 1280 667 1340 alioquin
697 1290 836 1341 atque
867 1283 982 1325 adeo
1016 1281 1198 1339 ineptae
1238 1279 1462 1323 novitatis
1504 1287 1659 1322 tamen
1699 1294 1825 1322 com-

349 1356 701 1401 mendationem
733 1355 980 1411 haberent,
1026 1366 1070 1401 et
1099 1373 1150 1400 ea
1181 1356 1460 1400 ultimorum
1490 1356 1695 1415 capitum
1727 1357 1827 1401 loca

349 1436 509 1493 paucis
530 1437 745 1494 exposui,
795 1437 844 1479 in
866 1437 1038 1496 quibus
1060 1453 1206 1495 quum
1227 1436 1337 1479 satis
1360 1436 1498 1493 plana
1521 1436 1751 1481 sententia
1773 1438 1831 1482 sit

351 1510 542 1555 inutiles
563 1513 908 1557 nonnullorum
940 1513 1249 1570 interpretum
1282 1512 1420 1555 tricas
1449 1528 1588 1556 nemo
1617 1513 1829 1573 require-

354 1599 435 1633 ret.
490 1588 613 1637 ..Iam
647 1608 763 1651 quae
796 1600 934 1635 restat
966 1591 1119 1649 operis
1153 1589 1301 1633 nostri
1335 1606 1438 1648 pars
1473 1588 1546 1652 (in
1576 1592 1669 1635 duo
1704 1593 1830 1635 enim

352 1667 599 1711 volumina
621 1665 756 1717 hune=
769 1669 1159 1714 commentarium
1184 1668 1533 1732 distribuimus)
1562 1688 1670 1715 mox
1700 1672 1831 1731 prelo

354 1742 654 1801 subjicietur,
708 1755 760 1792 ut
789 1756 1041 1811 auctumno
1074 1743 1216 1804 hujus
1255 1747 1369 1790 anni
1402 1748 1636 1806 divulgari
1665 1749 1833 1808 possit:

355 1832 456 1866 tum
477 1823 535 1867 ad
556 1819 812 1881 Evangelia
836 1834 1057 1870 revertar.
1105 1824 1169 1870 [It
1193 1826 1306 1885 quid
1331 1826 1389 1870 sit
1410 1827 1658 1887 scriptores
1682 1844 1834 1873 sacros

355 1903 657 1962 interpretari
687 1900 732 1947 h.
754 1905 784 1950 1.
807 1921 1033 1963 exponam
1055 1920 1153 1948 non
1175 1920 1360 1949 necesse
1391 1914 1473 1953 est.
1542 1904 1662 1951 Nam
1683 1907 1722 1950 si
1754 1907 1834 1968 qni

356 1979 589 2042 lspl'Ql'Um
621 1997 677 2028 55.
700 1982 973 2041 interpretes
994 1999 1145 2042 nuper
1165 1984 1310 2027 exorti
1333 1993 1465 2038 sunt,
1501 1986 1582 2046 qui
1604 2003 1662 2030 ne
1685 1987 1836 2046 prima

359 2057 550 2117 quidem
591 2059 865 2120 disciplinae
903 2058 1276 2107 hermeneuticae
1315 2064 1541 2109 elementa
1580 2066 1836 2126 percepisse

360 2137 632 2193 xgid,eantur‚
676 2156 775 2183 non
805 2141 980 2186 idcirco
1004 2158 1111 2186 vera
1143 2143 1262 2186 ratio
1296 2141 1345 2186 in
1378 2143 1583 2188 tenebris
1611 2144 1728 2202 jacet
1759 2155 1837 2189 ant

362 2222 432 2258 tot
449 2211 673 2274 Virorum
693 2217 822 2274 DD.,
853 2229 967 2280 quot
988 2230 1145 2265 nostra
1168 2229 1290 2265 aetas
1312 2222 1498 2279 gennit,
1534 2224 1658 2267 oculi
1680 2224 1728 2267 in
1750 2221 1838 2269 hoc

368 2294 608 2341 literarum
637 2299 886 2358 splendore
917 2301 981 2345 sic
1002 2302 1225 2359 caligant,
1268 2310 1321 2346 ut
1343 2302 1672 2347 tenebrionum
1695 2304 1838 2347 modo

365 2370 416 2413 in
439 2374 642 2418 tenebris
662 2387 801 2422 ruant
823 2379 1075 2439 omniaque
1096 2380 1332 2426 misceant.
1409 2378 1517 2424 'Non
1541 2381 1686 2437 magis
1712 2396 1839 2424 meae

367 2448 789 2510 interpretationis,
841 2473 960 2517 quae
989 2457 1082 2516 jam
1113 2459 1292 2502 dudum
1327 2456 1454 2502 Viris
1486 2455 1591 2503 DD.
1626 2467 1732 2503 nota
1761 2467 1842 2511 est,

366 2532 571 2586 rationes
601 2536 829 2594 explicare
861 2546 938 2582 aut
971 2554 1088 2598 quae
1121 2534 1351 2583 Matthaei
1382 2547 1425 2583 et
1455 2536 1608 2582 Marci
1646 2537 1839 2581 editioni

367 2609 601 2665 praefatus
621 2628 723 2657 sum
746 2612 822 2661 liic
844 2626 1048 2676 repetere
1071 2618 1232 2676 placet.
1285 2616 1404 2661 Nam
1426 2635 1571 2678 quum
1593 2617 1732 2661 verba
1756 2633 1839 2660 no-

373 2687 554 2744 tionum
577 2689 708 2747 signa
729 2694 847 2746 sint,
883 2697 994 2756 quid
1018 2697 1217 2756 scriptor
1239 2698 1433 2742 senserit
1456 2697 1547 2742 nisi
1569 2698 1668 2755 ejus
1690 2698 1844 2741 verbis

371 2765 429 2809 ild
461 2766 670 2825 linguae,
716 2774 806 2831 quai
842 2776 921 2820 ille
951 2791 1064 2821 usus
1095 2777 1151 2821 sit
1175 2777 1355 2834 regulas
1383 2775 1735 2833 diligentissime
1767 2793 1842 2819 es-

373 2844 510 2899 actis,
553 2850 888 2898 sententiarum
924 2871 1041 2900 nexu
1069 2855 1411 2901 accuratissime
1431 2855 1684 2917 ‘enucleato
1713 2855 1843 2914 ipsis·
