1752 3347
523 130 686 180 CAP.
719 132 781 178 v,
824 131 919 178 vs.
948 131 1039 180 14..
1437 112 1523 176 317'

61 240 154 296 nit,
184 241 299 301 quod
322 245 427 286 voc.⁸
445 241 559 295 legis
590 242 704 283 lixae
732 245 775 282 et
806 240 1111 299 promulgatae
1138 239 1420 283 violationem
1447 239 1524 283 de-

61 306 186 344 notat.
215 303 278 355 (v.
300 315 339 343 v.
362 301 430 343 19.
463 299 520 342 cl.
539 297 680 342 Hebr.
700 299 749 350 2,
765 299 808 342 2.
834 300 960 340 πᾶσα
984 297 1240 354 παράβασις
1266 299 1340 339 καὶ
1367 313 1522 356 παρα-

62 358 147 414 nov}
175 357 317 401 Thuc.
337 357 388 408 3,
407 356 518 410 45.).
589 355 706 397 Male
738 354 902 398 Seleott.
928 355 961 398 l.
979 369 1018 398 c.
1047 369 1092 412 p.
1121 354 1247 406 340„
1286 353 1434 398 Reich.
1462 355 1524 399 al.

60 415 298 472 scripsisse
317 413 460 455 Deum
480 413 703 454 nonnullis
733 412 808 467 qui
835 416 935 453 ante
956 411 1111 454 Mosen
1145 412 1358 453 vixissent
1385 411 1526 455 homi-

58 472 191 513 nihus
219 471 367 524 leges,
407 469 529 510 velut
557 467 738 509 Noacho
767 468 880 510 Gen.
904 470 953 520 9,
973 471 1044 520 6.‚
1088 467 1396 512 obtenderunt.
1468 466 1526 511 Id

59 529 76 569 i
110 541 205 569 sum
233 526 347 567 enim
375 523 429 567 P.
458 537 561 564 voce
589 519 664 564 καί
690 523 954 567 declaravit:
991 528 1038 566 at
1064 525 1296 580 imperavit
1314 523 1439 566 Mors
1468 525 1527 566 ab

59 543 237 628 Kdamo
266 594 407 636 usque
433 577 487 620 ad
504 578 660 620 Mosen
691 580 823 620 eliam
851 580 895 621 in
923 595 998 622 eos
1019 585 1102 623 etc.
1132 579 1175 622 h.
1198 595 1234 622 e.
1266 594 1352 621 non
1381 581 1525 623 solum

57 642 104 684 in
136 653 239 690 eoS‚
270 637 345 693 qui
373 635 565 677 disertas
596 634 686 676 Dei
710 635 856 689 leges,
896 641 945 678 ut
969 635 1196 689 AdamuS‚
1239 636 1526 691 migrassent,

59 695 139 739 sed
159 695 292 737 etiam
310 694 355 735 in
374 707 476 745 eos,
505 691 582 747 qni
602 691 662 733 ita
685 695 777 733 tum
795 694 1009 748 temporis
1035 699 1315 750 peccassent,
1344 697 1393 735 ut
1421 708 1525 736 con-

57 757 128 795 tra
156 751 458 810 promulgatas
491 749 614 803 leges
649 763 733 790 non
773 749 1112 794 committerent.
1181 750 1354 805 Quodsi
1385 748 1439 794 P.
1468 749 1527 792 ab

57 808 234 854 Adamo
253 821 394 864 usque
416 805 471 847 ad
490 804 643 848 Mosen
665 807 874 848 neminem
895 804 1086 849 disertas
1115 807 1323 863 quasdam
1342 807 1434 850 Dei
1459 807 1526 849 lc-

57 881 138 922 ges
166 865 358 908 violasse
388 862 532 904 dicere
560 861 798 913 voluisset,
839 863 1068 906 omisisset
1095 861 1183 905 καί.
1249 864 1347 919 Qua
1379 868 1525 907 mente

55 924 132 967 hic
151 922 300 964 Reich.
327 921 493 977 aliique
519 919 752 962 citaverint
780 919 900 964 Dan.
922 922 990 973 10,
1012 922 1082 964 16.
1116 921 1258 976 tetiyit
1286 936 1382 963 mccc
1406 921 1526 964 labia

57 990 145 1025 0⁸¹&
165 993 231 1033 ηεξ
254 990 398 1032 κῆτος-,ιζ’
417 977 574 1034 aliquis
594 976 808 1019 hominum
826 977 1008 1033 speciem
1026 976 1244 1035 rofio-em,
1272 992 1355 1019 non
1384 978 1525 1031 homo,

56 1028 145 1080 seii*
168 1034 293 1092 qu'asi
326 1034 469 1085 le‘omo,
508 1033 696 1076 Immune?
723 1033 871 1090 forma
901 1034 1074 1077 indutus
1107 1048 1261 1091 parum
1300 1035 1526 1090 intelligo,

55 1094 239 1137 Insulse
258 1090 458 1133 nonnulli
478 1089 593 1131 inter
626 1096 744 1132 retes
765 1105 806 1135 V.
825 1089 902 1133 ἐπὶ
921 1091 984 1146 τῷ
1002 1086 1254 1144 ὁμοιώματι
1272 1092 1350 1147 τῆς
1370 1107 1527 1147 παρα-

56 1150 231 1204 βάσεως
244 1146 382 1201 'Addat
403 1162 424 1188 a
445 1161 561 1190 voec.
594 1145 876 1200 εβασίλευσεν
903 1140 926 1188 ὃ
952 1145 1153 1198 Θάνατος
1183 1147 1526 1205 suspenderunt,

55 1212 152 1251 tum
191 1205 307 1263 quod
345 1203 577 1247 verborum
616 1202 723 1245 ordo
763 1204 863 1246 huic
893 1203 1128 1261 juncturae
1157 1204 1307 1247 obstat
1332 1206 1527 1261 (frustra

56 1264 174 1307 enim
203 1262 259 1304 ad
287 1261 563 1319 hyperbaton
591 1275 828 1318 provoces,
865 1262 953 1304 nisi
980 1261 1027 1304 id
1061 1267 1139 1304 aut
1164 1261 1320 1305 idonea
1351 1263 1527 1305 ratione

57 1325 137 1363 aut
163 1320 282 1377 aptis
313 1317 527 1375 exemplis
558 1319 870 1371 communias),
906 1322 999 1361 tum
1030 1319 1132 1375 quia
1168 1319 1275 1376 quid
1305 1320 1365 1361 sit
1390 1321 1529 1372 βασι-

57 1374 181 1419 λεύει
210 1373 233 1417 ὃ
264 1371 466 1424 Θάνατος
495 1371 574 1416 ἐπὶ
600 1375 662 1429 τῷ
691 1371 942 1427 &conductu
976 1377 1056 1431 τῆς
1085 1391 1195 1431 παρ.
1220 1378 1285 1418 Ἀ.
1318 1375 1397 1417 ἐπί
1428 1391 1528 1417 τινα

55 1446 183 1476 nemo
218 1432 349 1475 facile
387 1430 566 1474 dixerit.
633 1430 759 1486 Quae
795 1445 837 1474 v.
875 1444 960 1473 non
995 1433 1165 1475 valere:
1201 1431 1423 1474 dominata
1457 1438 1528 1474 est

56 1504 202 1543 mors,
230 1489 343 1531 sicut
360 1488 529 1529 Adamo
553 1486 781 1541 imperat-it
800 1488 871 1543 qui
889 1489 976 1529 Dee·
999 1488 1133 1544 leyem
1163 1489 1360 1542 violavit,
1391 1488 1525 1531 etiam

55 1547 104 1590 in
133 1560 210 1588 eos
241 1544 318 1601 qui
347 1548 430 1586 etc.
456 1543 501 1584 in
530 1549 706 1600 promtu
738 1548 822 1585 est.
870 1544 1023 1599 Chrysa
1056 1544 1189 1586 verba
1221 1550 1423 1588 accurate
1447 1561 1527 1588 ex-

53 1617 221 1662 ponere
238 1599 509 1659 supersedit.
549 1598 640 1642 Sed
659 1599 873 1651 Gccstcc11703
899 1600 1150 1656 Homhery„
1172 1602 1362 1654 Elsner„
1388 1602 1527 1658 Beny.

56 1661 119 1705 al.
141 1662 372 1702 enarrant:
400 1656 634 1715 imperium
663 1669 782 1698 mors
802 1657 999 1698 exercuit
1023 1663 1203 1712 propter
1221 1659 1449 1713 imaqinem
1468 1660 1525 1701 ab

54 1717 226 1759 Adamo
252 1713 466 1758 commissi
491 1738 545 1745 --
577 1713 710 1755 etiam
736 1713 782 1754 in
811 1727 887 1754 eos
917 1713 994 1769 qui
1019 1728 1104 1755 non
1132 1719 1232 1756 actu
1252 1721 1525 1772 peccassent,

54 1774 102 1818 h.
121 1787 161 1817 e.
180 1772 281 1830 quia
299 1771 531 1826 imayinem
546 1770 716 1825 peccati
735 1770 959 1812 adamitici
975 1770 1206 1827 refer-rent,
1238 1772 1402 1829 quippe
1421 1787 1525 1830 pec-

52 1831 166 1872 catis
179 1827 474 1871 contaminato
491 1841 656 1884 proavo
678 1826 850 1867 similes
878 1832 922 1868 et
945 1833 1153 1869 nocentes
1183 1842 1208 1869 a
1235 1834 1419 1870 nocente
1448 1845 1525 1884 ge-

54 1886 144 1929 niti
181 1886 294 1941 (velt
324 1884 399 1940 qui
433 1898 487 1941 pe
514 1888 723 1924 nocentes
752 1886 937 1940 prepter
963 1882 1128 1924 Adami
1153 1890 1378 1940 peccatum
1401 1885 1524 1944 judi-

55 1943 169 1986 cati:
197 1941 260 1982 ita
278 1940 390 1982 Hom
421 1954 532 1994 cry„
559 1939 708 1990 Elsn.,
735 1938 912 1993 Remo).
966 1938 1089 1980 Mors
1110 1942 1243 1982 etiam
1262 1941 1308 1982 in
1339 1956 1415 1983 eos
1445 1942 1523 1985 do-

56 1999 222 2042 minata
252 2001 346 2048 est,
394 1995 470 2052 qui
495 2000 596 2038 etc..
670 1994 767 2036 Hoc
797 2000 942 2037 esset:
979 1994 1263 2047 ἐβασίλευσεν
1292 1992 1316 2039 ὃ
1348 1999 1400 2041 Θ.
1431 2000 1456 2040 ὂ
1468 1999 1523 2042 ιὰ

55 2055 149 2099 τὸν
169 2053 331 2106 Ἀδάμ
359 2052 420 2108 (s.
447 2050 523 2092 διὰ
548 2050 626 2108 τὴν
654 2046 911 2106 παράβασιν
927 2052 1007 2093 τοῦ
1019 2047 1203 2106 Ἀδάμ);
1230 2053 1367 2099 illud:
1395 2053 1522 2108 ἐβασ.

55 2110 82 2156 ὃ
114 2113 169 2154 Θ.
196 2136 250 2143 --
280 2108 374 2152 ἐπὶ
409 2113 479 2164 τῷ
510 2102 826 2160 ὁμοιώματι
855 2106 951 2160 (διὰ
978 2106 1029 2151 τὸ
1059 2104 1154 2164 ὅμ.)
1184 2106 1335 2164 Ἀδάμ.
1402 2112 1522 2167 Quin

54 2170 163 2213 haec
193 2180 366 2224 quoque
399 2179 441 2208 v.
471 2164 648 2207 sobrius
675 2165 816 2205 lector
844 2164 904 2206 ita
932 2169 1102 2207 tantum
1124 2167 1170 2208 in
1192 2167 1327 2209 istum
1346 2167 1523 2211 intelle-

54 2231 172 2268 ctum
192 2227 352 2275 ferret,
380 2221 421 2263 si
440 2219 494 2266 P.
516 2222 587 2264 vel
603 2221 713 2262 mori
731 2220 896 2263 Adami
913 2226 1117 2279 posteros
1138 2237 1224 2266 non
1243 2224 1299 2266 ob
1318 2240 1396 2267 sua
1421 2240 1524 2283 pec-

55 2287 152 2324 cata
185 2281 265 2324 sed
293 2283 478 2338 propter
494 2277 662 2321 Adami
687 2279 882 2332 facinus,
907 2280 977 2320 vel
1006 2282 1248 2323 sceleratos
1277 2282 1476 2324 homines
1495 2298 1523 2326 a

57 2339 272 2381 scelerato
289 2335 466 2380 Adamo
490 2340 735 2390 procreatos
762 2349 861 2377 esse
889 2350 1087 2393 quaeque
1115 2343 1300 2380 naturae
1328 2340 1522 2381 necessi-

54 2399 147 2438 tate
164 2395 323 2437 fecisse
340 2390 571 2436 videantur
589 2406 741 2434 eorum
757 2397 903 2436 tamen
921 2395 1094 2452 culpam
1106 2399 1151 2437 et
1162 2395 1286 2453 ipsos
1302 2397 1523 2453 sustinere

146 2565 280 2600 Mosen
300 2562 389 2598 datis
415 2562 474 2608 qui
490 2569 712 2609 peccassent,
738 2577 799 2598 eos
817 2564 970 2599 Paulum
996 2565 1066 2599 hoc
1092 2565 1203 2600 modo
1233 2580 1364 2614 negare
1388 2581 1519 2615 pecca-

146 2612 258 2653 visse,
291 2622 362 2656 quo
390 2609 550 2643 Adamas
576 2609 693 2654 legem
722 2611 897 2653 rupisset,
931 2610 999 2656 quai
1026 2611 1159 2647 violata
1182 2620 1277 2647 recte
1299 2627 1430 2659 poenas
1457 2616 1515 2650 de-

149 2657 268 2692 disset.
333 2655 415 2689 Non
443 2654 615 2700 potuisset
644 2654 734 2689 illud
766 2656 808 2690 P.
841 2657 959 2690 verbis
989 2658 1099 2702 magis
1129 2660 1288 2693 obscuris
1318 2662 1513 2697 enuntiare,

147 2715 255 2749 quarn
273 2700 401 2746 quibus
424 2712 507 2734 usus
528 2708 590 2735 est.
619 2699 762 2745 Quippe
786 2709 923 2735 netum
945 2702 1087 2747 quidem
1109 2705 1281 2739 sententia
1293 2705 1448 2740 dilucide
1459 2721 1512 2740 ex-

147 2760 268 2795 pressa
296 2752 406 2789 esset,
437 2746 466 2779 si
492 2748 556 2781 τοῦ
587 2744 702 2791 νόμον
728 2760 755 2780 s.
777 2748 840 2789 τῆς
856 2750 1083 2793 νομοθεσίας
1108 2762 1174 2797 pro
1192 2753 1255 2796 τῆς
1272 2751 1514 2800 παραβάσεως

146 2798 217 2841 Ap.
238 2793 388 2828 dixisset.
412 2810 457 2820 —·
504 2792 572 2828 Sed
590 2792 676 2828 nolo
697 2791 767 2838 jain
785 2794 898 2840 plura.
