<?xml version="1.0" encoding="UTF-8"?>
<!DOCTYPE html PUBLIC "-//W3C//DTD XHTML 1.0 Transitional//EN"
    "http://www.w3.org/TR/xhtml1/DTD/xhtml1-transitional.dtd">
<html xmlns="http://www.w3.org/1999/xhtml" xml:lang="en" lang="en">
 <head>
  <title>
</title>
<meta http-equiv="Content-Type" content="text/html;charset=utf-8" />
  <meta name='ocr-system' content='tesseract 3.04.00' />
  <meta name='ocr-capabilities' content='ocr_page ocr_carea ocr_par ocr_line ocrx_word'/>
</head>
<body>
  <div class='ocr_page' id='page_1' title='image "./pauliadromanosep01frituoft_0344.png"; bbox 0 0 1752 3347; ppageno 0'>
   <div class='ocr_carea' id='block_1_1' title="bbox 208 129 1400 183">
    <p class='ocr_par' dir='ltr' id='par_1_1' title="bbox 208 129 1400 183">
     <span class='ocr_line' id='line_1_1' title="bbox 208 129 1400 183; baseline 0.007 -8"><span class='ocrx_word' id='word_1_1' title='bbox 208 134 296 182; x_wconf 81' lang='lat'>280</span> <span class='ocrx_word' id='word_1_2' title='bbox 481 130 860 178; x_wconf 75' lang='lat' dir='ltr'><strong>EPISTOLA</strong></span> <span class='ocrx_word' id='word_1_3' title='bbox 892 129 999 176; x_wconf 88' lang='lat' dir='ltr'>AD</span> <span class='ocrx_word' id='word_1_4' title='bbox 1027 129 1400 183; x_wconf 78' lang='lat' dir='ltr'><strong>ROMANOS</strong></span> 
     </span>
    </p>
   </div>
   <div class='ocr_carea' id='block_1_2' title="bbox 202 238 1690 2457">
    <p class='ocr_par' dir='ltr' id='par_1_2' title="bbox 202 238 1690 2229">
     <span class='ocr_line' id='line_1_2' title="bbox 207 238 1681 298; baseline 0.004 -14"><span class='ocrx_word' id='word_1_5' title='bbox 207 242 323 284; x_wconf 77' lang='lat' dir='ltr'>fecto</span> <span class='ocrx_word' id='word_1_6' title='bbox 348 251 435 280; x_wconf 89' lang='lat' dir='ltr'>non</span> <span class='ocrx_word' id='word_1_7' title='bbox 461 238 603 294; x_wconf 81' lang='lat' dir='ltr'>magis</span> <span class='ocrx_word' id='word_1_8' title='bbox 634 238 754 282; x_wconf 84' lang='lat' dir='ltr'>inter</span> <span class='ocrx_word' id='word_1_9' title='bbox 782 253 833 282; x_wconf 89' lang='lat' dir='ltr'>se</span> <span class='ocrx_word' id='word_1_10' title='bbox 858 243 1083 297; x_wconf 84' lang='lat' dir='ltr'>pugnant,</span> <span class='ocrx_word' id='word_1_11' title='bbox 1131 254 1261 298; x_wconf 81' lang='lat' dir='ltr'>quam</span> <span class='ocrx_word' id='word_1_12' title='bbox 1296 240 1380 283; x_wconf 82' lang='lat' dir='ltr'>hae</span> <span class='ocrx_word' id='word_1_13' title='bbox 1413 245 1681 290; x_wconf 77' lang='lat' dir='ltr'>sententiae:</span> 
     </span>
     <span class='ocr_line' id='line_1_3' title="bbox 211 295 1679 359; baseline 0.002 -21"><span class='ocrx_word' id='word_1_14' title='bbox 211 296 382 340; x_wconf 83' lang='lat' dir='ltr'>Christi</span> <span class='ocrx_word' id='word_1_15' title='bbox 412 309 516 338; x_wconf 90' lang='lat' dir='ltr'>nece</span> <span class='ocrx_word' id='word_1_16' title='bbox 543 295 766 338; x_wconf 87' lang='lat' dir='ltr'>hominum</span> <span class='ocrx_word' id='word_1_17' title='bbox 799 302 980 354; x_wconf 83' lang='lat' dir='ltr'>peccata</span> <span class='ocrx_word' id='word_1_18' title='bbox 1010 296 1189 356; x_wconf 82' lang='lat' dir='ltr'>expiata</span> <span class='ocrx_word' id='word_1_19' title='bbox 1211 311 1313 340; x_wconf 83' lang='lat' dir='ltr'>esse</span> <span class='ocrx_word' id='word_1_20' title='bbox 1341 297 1405 353; x_wconf 84' lang='lat'>(3,</span> <span class='ocrx_word' id='word_1_21' title='bbox 1420 297 1540 354; x_wconf 79' lang='lat'><strong>25.)‚</strong></span> <span class='ocrx_word' id='word_1_22' title='bbox 1567 317 1679 359; x_wconf 76' lang='lat' dir='ltr'>quae</span> 
     </span>
     <span class='ocr_line' id='line_1_4' title="bbox 208 351 1681 414; baseline 0.005 -20"><span class='ocrx_word' id='word_1_23' title='bbox 208 358 260 394; x_wconf 87' lang='lat' dir='ltr'>ut</span> <span class='ocrx_word' id='word_1_24' title='bbox 278 353 563 411; x_wconf 86' lang='lat' dir='ltr'>expiarentur</span> <span class='ocrx_word' id='word_1_25' title='bbox 583 351 730 395; x_wconf 89' lang='lat' dir='ltr'>Deum</span> <span class='ocrx_word' id='word_1_26' title='bbox 749 353 969 396; x_wconf 86' lang='lat' dir='ltr'>hominum</span> <span class='ocrx_word' id='word_1_27' title='bbox 991 368 1139 398; x_wconf 89' lang='lat' dir='ltr'>amore</span> <span class='ocrx_word' id='word_1_28' title='bbox 1168 353 1404 397; x_wconf 85' lang='lat' dir='ltr'>adductum</span> <span class='ocrx_word' id='word_1_29' title='bbox 1429 353 1486 396; x_wconf 86' lang='lat' dir='ltr'>ad</span> <span class='ocrx_word' id='word_1_30' title='bbox 1510 361 1681 414; x_wconf 83' lang='lat' dir='ltr'>suppli-</span> 
     </span>
     <span class='ocr_line' id='line_1_5' title="bbox 209 408 1683 468; baseline 0.004 -17"><span class='ocrx_word' id='word_1_31' title='bbox 209 410 326 451; x_wconf 86' lang='lat' dir='ltr'>cium</span> <span class='ocrx_word' id='word_1_32' title='bbox 364 408 541 451; x_wconf 76' lang='lat' dir='ltr'><strong>dedisse</strong></span> <span class='ocrx_word' id='word_1_33' title='bbox 567 408 792 452; x_wconf 82' lang='lat' dir='ltr'><strong>Christum</strong></span> <span class='ocrx_word' id='word_1_34' title='bbox 830 409 900 467; x_wconf 87' lang='lat'>(8,</span> <span class='ocrx_word' id='word_1_35' title='bbox 928 410 1041 466; x_wconf 85' lang='lat'><strong>32.).</strong></span> <span class='ocrx_word' id='word_1_36' title='bbox 1102 410 1219 454; x_wconf 84' lang='lat' dir='ltr'>Nam</span> <span class='ocrx_word' id='word_1_37' title='bbox 1260 412 1466 468; x_wconf 85' lang='lat' dir='ltr'>quoniam</span> <span class='ocrx_word' id='word_1_38' title='bbox 1502 420 1683 467; x_wconf 77' lang='lat' dir='ltr'>peccata</span> 
     </span>
     <span class='ocr_line' id='line_1_6' title="bbox 211 465 1685 525; baseline 0.001 -16"><span class='ocrx_word' id='word_1_39' title='bbox 211 465 342 509; x_wconf 85' lang='lat' dir='ltr'>Deus</span> <span class='ocrx_word' id='word_1_40' title='bbox 368 465 461 508; x_wconf 82' lang='lat' dir='ltr'>odit</span> <span class='ocrx_word' id='word_1_41' title='bbox 479 470 524 508; x_wconf 89' lang='lat' dir='ltr'>et</span> <span class='ocrx_word' id='word_1_42' title='bbox 540 465 843 520; x_wconf 80' lang='lat' dir='ltr'><strong>abominatur,</strong></span> <span class='ocrx_word' id='word_1_43' title='bbox 870 481 982 525; x_wconf 88' lang='lat' dir='ltr'>opus</span> <span class='ocrx_word' id='word_1_44' title='bbox 1002 472 1121 522; x_wconf 84' lang='lat' dir='ltr'>erat,</span> <span class='ocrx_word' id='word_1_45' title='bbox 1147 473 1199 511; x_wconf 88' lang='lat' dir='ltr'>ut</span> <span class='ocrx_word' id='word_1_46' title='bbox 1225 468 1476 511; x_wconf 81' lang='lat' dir='ltr'>hominibus</span> <span class='ocrx_word' id='word_1_47' title='bbox 1505 468 1582 525; x_wconf 87' lang='lat' dir='ltr'>qui</span> <span class='ocrx_word' id='word_1_48' title='bbox 1615 467 1685 511; x_wconf 88' lang='lat' dir='ltr'>di-</span> 
     </span>
     <span class='ocr_line' id='line_1_7' title="bbox 209 522 1685 582; baseline 0.002 -16"><span class='ocrx_word' id='word_1_49' title='bbox 209 522 313 567; x_wconf 83' lang='lat' dir='ltr'>vina</span> <span class='ocrx_word' id='word_1_50' title='bbox 343 522 448 581; x_wconf 87' lang='lat' dir='ltr'>jura</span> <span class='ocrx_word' id='word_1_51' title='bbox 484 522 678 580; x_wconf 78' lang='lat' dir='ltr'>peccatis</span> <span class='ocrx_word' id='word_1_52' title='bbox 712 524 964 580; x_wconf 79' lang='lat' dir='ltr'>polluerant</span> <span class='ocrx_word' id='word_1_53' title='bbox 991 524 1082 567; x_wconf 88' lang='lat' dir='ltr'>Dei</span> <span class='ocrx_word' id='word_1_54' title='bbox 1108 526 1254 581; x_wconf 85' lang='lat' dir='ltr'>gratia</span> <span class='ocrx_word' id='word_1_55' title='bbox 1282 524 1451 569; x_wconf 84' lang='lat' dir='ltr'><strong>Christi</strong></span> <span class='ocrx_word' id='word_1_56' title='bbox 1475 529 1685 582; x_wconf 83' lang='lat' dir='ltr'>tanquam</span> 
     </span>
     <span class='ocr_line' id='line_1_8' title="bbox 211 579 1685 639; baseline 0.003 -18"><span class='ocrx_word' id='word_1_57' title='bbox 211 579 416 622; x_wconf 82' lang='lat' dir='ltr'>victimae</span> <span class='ocrx_word' id='word_1_58' title='bbox 435 579 676 636; x_wconf 81' lang='lat' dir='ltr'>piacularis</span> <span class='ocrx_word' id='word_1_59' title='bbox 696 579 828 622; x_wconf 88' lang='lat' dir='ltr'>caede</span> <span class='ocrx_word' id='word_1_60' title='bbox 845 581 1181 637; x_wconf 79' lang='lat' dir='ltr'>restitueretur3</span> <span class='ocrx_word' id='word_1_61' title='bbox 1212 581 1292 624; x_wconf 88' lang='lat' dir='ltr'>sed</span> <span class='ocrx_word' id='word_1_62' title='bbox 1322 582 1425 639; x_wconf 89' lang='lat' dir='ltr'>quia</span> <span class='ocrx_word' id='word_1_63' title='bbox 1446 582 1685 625; x_wconf 73' lang='lat' dir='ltr'>hominibus</span> 
     </span>
     <span class='ocr_line' id='line_1_9' title="bbox 212 636 1685 706; baseline 0.002 -27"><span class='ocrx_word' id='word_1_64' title='bbox 212 636 341 679; x_wconf 86' lang='lat' dir='ltr'>Deus</span> <span class='ocrx_word' id='word_1_65' title='bbox 369 636 478 678; x_wconf 90' lang='lat' dir='ltr'>bene</span> <span class='ocrx_word' id='word_1_66' title='bbox 508 636 631 694; x_wconf 87' lang='lat' dir='ltr'>cupit</span> <span class='ocrx_word' id='word_1_67' title='bbox 660 650 824 694; x_wconf 88' lang='lat' dir='ltr'>eosque</span> <span class='ocrx_word' id='word_1_68' title='bbox 851 639 947 681; x_wconf 87' lang='lat' dir='ltr'>vult</span> <span class='ocrx_word' id='word_1_69' title='bbox 974 638 1150 693; x_wconf 82' lang='lat' dir='ltr'>beatos,</span> <span class='ocrx_word' id='word_1_70' title='bbox 1180 639 1280 706; x_wconf 82' lang='lat' dir='ltr'>ipse</span> <span class='ocrx_word' id='word_1_71' title='bbox 1305 653 1438 696; x_wconf 91' lang='lat' dir='ltr'>quum</span> <span class='ocrx_word' id='word_1_72' title='bbox 1457 637 1685 682; x_wconf 87' lang='lat' dir='ltr'>Christum</span> 
     </span>
     <span class='ocr_line' id='line_1_10' title="bbox 214 692 1686 770; baseline 0.002 -35"><span class='ocrx_word' id='word_1_73' title='bbox 214 693 484 751; x_wconf 85' lang='lat' dir='ltr'>supplicium</span> <span class='ocrx_word' id='word_1_74' title='bbox 513 693 664 736; x_wconf 88' lang='lat' dir='ltr'>subire</span> <span class='ocrx_word' id='word_1_75' title='bbox 686 692 902 752; x_wconf 85' lang='lat' dir='ltr'>jussisset</span> <span class='ocrx_word' id='word_1_76' title='bbox 929 695 1060 749; x_wconf 81' lang='lat' dir='ltr'>fecit,</span> <span class='ocrx_word' id='word_1_77' title='bbox 1104 702 1154 739; x_wconf 85' lang='lat' dir='ltr'>ut</span> <span class='ocrx_word' id='word_1_78' title='bbox 1188 696 1378 770; x_wconf 76' lang='lat' dir='ltr'>improbi</span> <span class='ocrx_word' id='word_1_79' title='bbox 1408 696 1608 738; x_wconf 88' lang='lat' dir='ltr'>homines</span> <span class='ocrx_word' id='word_1_80' title='bbox 1637 696 1686 738; x_wconf 83' lang='lat' dir='ltr'>in</span> 
     </span>
     <span class='ocr_line' id='line_1_11' title="bbox 209 748 1685 809; baseline 0.001 -18"><span class='ocrx_word' id='word_1_81' title='bbox 209 764 343 792; x_wconf 80' lang='lat' dir='ltr'>suum</span> <span class='ocrx_word' id='word_1_82' title='bbox 363 751 557 792; x_wconf 82' lang='lat' dir='ltr'>favorem</span> <span class='ocrx_word' id='word_1_83' title='bbox 585 750 788 793; x_wconf 81' lang='lat' dir='ltr'>venirent</span> <span class='ocrx_word' id='word_1_84' title='bbox 816 748 1083 808; x_wconf 81' lang='grc' dir='ltr'><em>(κατήλλαξε</em></span> <span class='ocrx_word' id='word_1_85' title='bbox 1108 752 1213 803; x_wconf 82' lang='grc' dir='ltr'>τοὺς</span> <span class='ocrx_word' id='word_1_86' title='bbox 1243 750 1514 809; x_wconf 72' lang='grc' dir='ltr'><strong><em>ανθρώπους</em></strong></span> <span class='ocrx_word' id='word_1_87' title='bbox 1541 749 1685 808; x_wconf 77' lang='grc' dir='ltr'>ἑαυτῷ</span> 
     </span>
     <span class='ocr_line' id='line_1_12' title="bbox 208 802 1686 867; baseline 0.003 -19"><span class='ocrx_word' id='word_1_88' title='bbox 208 802 351 853; x_wconf 73' lang='grc' dir='ltr'><strong>διᾶ,Ί.</strong></span> <span class='ocrx_word' id='word_1_89' title='bbox 368 809 456 862; x_wconf 85' lang='grc' dir='ltr'>Χρ.</span> <span class='ocrx_word' id='word_1_90' title='bbox 485 808 516 849; x_wconf 87' lang='grc'><strong>2</strong></span> <span class='ocrx_word' id='word_1_91' title='bbox 539 806 641 851; x_wconf 87' lang='lat' dir='ltr'>Cor.</span> <span class='ocrx_word' id='word_1_92' title='bbox 660 807 715 861; x_wconf 87' lang='grc'>5,</span> <span class='ocrx_word' id='word_1_93' title='bbox 734 807 850 864; x_wconf 87' lang='grc'><strong>18.),</strong></span> <span class='ocrx_word' id='word_1_94' title='bbox 886 807 1094 866; x_wconf 80' lang='lat' dir='ltr'>deditque</span> <span class='ocrx_word' id='word_1_95' title='bbox 1122 810 1388 867; x_wconf 83' lang='lat' dir='ltr'>Apostolis,</span> <span class='ocrx_word' id='word_1_96' title='bbox 1424 824 1610 865; x_wconf 89' lang='lat' dir='ltr'>quorum</span> <span class='ocrx_word' id='word_1_97' title='bbox 1637 809 1686 852; x_wconf 82' lang='lat' dir='ltr'>iu</span> 
     </span>
     <span class='ocr_line' id='line_1_13' title="bbox 212 862 1686 923; baseline 0.003 -19"><span class='ocrx_word' id='word_1_98' title='bbox 212 863 374 905; x_wconf 84' lang='lat' dir='ltr'>animis</span> <span class='ocrx_word' id='word_1_99' title='bbox 389 862 635 906; x_wconf 82' lang='lat' dir='ltr'>doctrinam</span> <span class='ocrx_word' id='word_1_100' title='bbox 655 863 744 909; x_wconf 86' lang='lat' dir='ltr'>div.</span> <span class='ocrx_word' id='word_1_101' title='bbox 762 866 1062 923; x_wconf 79' lang='lat' dir='ltr'>reposuisset,</span> <span class='ocrx_word' id='word_1_102' title='bbox 1095 868 1180 922; x_wconf 70' lang='lat' dir='ltr'>qua</span> <span class='ocrx_word' id='word_1_103' title='bbox 1205 870 1255 908; x_wconf 92' lang='lat' dir='ltr'>ut</span> <span class='ocrx_word' id='word_1_104' title='bbox 1283 871 1328 908; x_wconf 90' lang='lat' dir='ltr'>et</span> <span class='ocrx_word' id='word_1_105' title='bbox 1355 866 1444 922; x_wconf 85' lang='lat' dir='ltr'>ipsi</span> <span class='ocrx_word' id='word_1_106' title='bbox 1471 880 1567 908; x_wconf 91' lang='lat' dir='ltr'>cum</span> <span class='ocrx_word' id='word_1_107' title='bbox 1585 866 1686 908; x_wconf 91' lang='lat' dir='ltr'>Deo</span> 
     </span>
     <span class='ocr_line' id='line_1_14' title="bbox 213 920 1688 978; baseline 0 -14"><span class='ocrx_word' id='word_1_108' title='bbox 213 921 260 964; x_wconf 90' lang='lat' dir='ltr'>in</span> <span class='ocrx_word' id='word_1_109' title='bbox 287 920 474 975; x_wconf 83' lang='lat' dir='ltr'>gratiam</span> <span class='ocrx_word' id='word_1_110' title='bbox 505 920 751 965; x_wconf 81' lang='lat' dir='ltr'>rediremus</span> <span class='ocrx_word' id='word_1_111' title='bbox 783 937 1059 964; x_wconf 82' lang='lat' dir='ltr'>moneremur</span> <span class='ocrx_word' id='word_1_112' title='bbox 1085 920 1183 978; x_wconf 82' lang='grc' dir='ltr'>(τόν</span> <span class='ocrx_word' id='word_1_113' title='bbox 1212 920 1343 977; x_wconf 76' lang='grc' dir='ltr'>λόγον</span> <span class='ocrx_word' id='word_1_114' title='bbox 1366 922 1446 976; x_wconf 75' lang='grc' dir='ltr'>τῆς</span> <span class='ocrx_word' id='word_1_115' title='bbox 1461 923 1688 964; x_wconf 84' lang='grc' dir='ltr'><em>καταλλα-</em></span> 
     </span>
     <span class='ocr_line' id='line_1_15' title="bbox 213 975 1688 1043; baseline 0.001 -24"><span class='ocrx_word' id='word_1_116' title='bbox 213 977 294 1033; x_wconf 76' lang='grc' dir='ltr'>γῆς</span> <span class='ocrx_word' id='word_1_117' title='bbox 319 978 349 1019; x_wconf 84' lang='grc'>2</span> <span class='ocrx_word' id='word_1_118' title='bbox 369 976 474 1022; x_wconf 90' lang='lat' dir='ltr'>Cor.</span> <span class='ocrx_word' id='word_1_119' title='bbox 495 978 547 1031; x_wconf 82' lang='lat'>5,</span> <span class='ocrx_word' id='word_1_120' title='bbox 576 979 693 1033; x_wconf 84' lang='lat'>19.),</span> <span class='ocrx_word' id='word_1_121' title='bbox 729 978 1103 1022; x_wconf 80' lang='lat' dir='ltr'>reconciliationis</span> <span class='ocrx_word' id='word_1_122' title='bbox 1140 993 1299 1021; x_wconf 89' lang='lat' dir='ltr'>munus</span> <span class='ocrx_word' id='word_1_123' title='bbox 1329 977 1428 1043; x_wconf 57' lang='grc' dir='ltr'>(τὴν</span> <span class='ocrx_word' id='word_1_124' title='bbox 1461 975 1688 1021; x_wconf 76' lang='grc' dir='ltr'><strong><em>διακονίαν</em></strong></span> 
     </span>
     <span class='ocr_line' id='line_1_16' title="bbox 212 1034 1688 1091; baseline -0.004 -9"><span class='ocrx_word' id='word_1_125' title='bbox 212 1035 294 1088; x_wconf 66' lang='grc' dir='ltr'>τῆς</span> <span class='ocrx_word' id='word_1_126' title='bbox 320 1034 596 1090; x_wconf 76' lang='grc' dir='ltr'><em>καταλλαγῆς</em></span> <span class='ocrx_word' id='word_1_127' title='bbox 621 1036 650 1076; x_wconf 88' lang='grc'><strong>2</strong></span> <span class='ocrx_word' id='word_1_128' title='bbox 673 1034 777 1079; x_wconf 87' lang='lat' dir='ltr'>Cor.</span> <span class='ocrx_word' id='word_1_129' title='bbox 799 1035 848 1088; x_wconf 83' lang='lat'>5,</span> <span class='ocrx_word' id='word_1_130' title='bbox 871 1036 986 1091; x_wconf 90' lang='lat'>18.),</span> <span class='ocrx_word' id='word_1_131' title='bbox 1022 1035 1054 1079; x_wconf 89' lang='lat' dir='ltr'>i.</span> <span class='ocrx_word' id='word_1_132' title='bbox 1073 1049 1112 1079; x_wconf 87' lang='lat' dir='ltr'>e.</span> <span class='ocrx_word' id='word_1_133' title='bbox 1142 1035 1223 1077; x_wconf 89' lang='lat' dir='ltr'>hoc</span> <span class='ocrx_word' id='word_1_134' title='bbox 1252 1039 1504 1091; x_wconf 76' lang='lat' dir='ltr'>negotium,</span> <span class='ocrx_word' id='word_1_135' title='bbox 1532 1039 1583 1077; x_wconf 92' lang='lat' dir='ltr'>ut</span> <span class='ocrx_word' id='word_1_136' title='bbox 1609 1035 1688 1077; x_wconf 90' lang='lat' dir='ltr'>ho-</span> 
     </span>
     <span class='ocr_line' id='line_1_17' title="bbox 211 1090 1689 1149; baseline 0.003 -18"><span class='ocrx_word' id='word_1_137' title='bbox 211 1090 380 1143; x_wconf 83' lang='lat' dir='ltr'>mines,</span> <span class='ocrx_word' id='word_1_138' title='bbox 408 1104 463 1133; x_wconf 88' lang='lat' dir='ltr'>ne</span> <span class='ocrx_word' id='word_1_139' title='bbox 483 1091 681 1134; x_wconf 81' lang='lat' dir='ltr'>oblatum</span> <span class='ocrx_word' id='word_1_140' title='bbox 700 1091 792 1135; x_wconf 87' lang='lat' dir='ltr'>Dei</span> <span class='ocrx_word' id='word_1_141' title='bbox 810 1093 1007 1135; x_wconf 76' lang='lat' dir='ltr'>favorem</span> <span class='ocrx_word' id='word_1_142' title='bbox 1027 1097 1303 1149; x_wconf 85' lang='lat' dir='ltr'>respuerent,</span> <span class='ocrx_word' id='word_1_143' title='bbox 1331 1091 1689 1137; x_wconf 82' lang='lat' dir='ltr'>cohortarentur.</span> 
     </span>
     <span class='ocr_line' id='line_1_18' title="bbox 213 1145 1690 1206; baseline 0.003 -19"><span class='ocrx_word' id='word_1_144' title='bbox 213 1145 330 1188; x_wconf 84' lang='lat' dir='ltr'>Nam</span> <span class='ocrx_word' id='word_1_145' title='bbox 354 1148 392 1189; x_wconf 84' lang='lat' dir='ltr'>is</span> <span class='ocrx_word' id='word_1_146' title='bbox 413 1146 582 1190; x_wconf 90' lang='lat' dir='ltr'>demum</span> <span class='ocrx_word' id='word_1_147' title='bbox 604 1147 704 1191; x_wconf 92' lang='lat' dir='ltr'>Deo</span> <span class='ocrx_word' id='word_1_148' title='bbox 732 1163 837 1191; x_wconf 72' lang='lat' dir='ltr'>vere</span> <span class='ocrx_word' id='word_1_149' title='bbox 864 1149 1178 1191; x_wconf 87' lang='lat' dir='ltr'>reconciliatus</span> <span class='ocrx_word' id='word_1_150' title='bbox 1205 1155 1276 1192; x_wconf 87' lang='lat' dir='ltr'>est</span> <span class='ocrx_word' id='word_1_151' title='bbox 1302 1153 1595 1206; x_wconf 82' lang='lat' dir='ltr'>aeternaeque</span> <span class='ocrx_word' id='word_1_152' title='bbox 1624 1151 1690 1191; x_wconf 82' lang='lat' dir='ltr'>fe-</span> 
     </span>
     <span class='ocr_line' id='line_1_19' title="bbox 207 1203 1687 1263; baseline 0.003 -19"><span class='ocrx_word' id='word_1_153' title='bbox 207 1203 400 1245; x_wconf 77' lang='lat' dir='ltr'>licitatis</span> <span class='ocrx_word' id='word_1_154' title='bbox 419 1205 643 1263; x_wconf 85' lang='lat' dir='ltr'>particeps</span> <span class='ocrx_word' id='word_1_155' title='bbox 664 1206 868 1258; x_wconf 84' lang='lat' dir='ltr'>futurus,</span> <span class='ocrx_word' id='word_1_156' title='bbox 897 1206 975 1262; x_wconf 88' lang='lat' dir='ltr'>qui</span> <span class='ocrx_word' id='word_1_157' title='bbox 993 1206 1164 1248; x_wconf 71' lang='lat' dir='ltr'>sincera</span> <span class='ocrx_word' id='word_1_158' title='bbox 1178 1237 1191 1259; x_wconf 91' lang='lat'>,</span> <span class='ocrx_word' id='word_1_159' title='bbox 1220 1220 1333 1263; x_wconf 88' lang='lat' dir='ltr'>quae</span> <span class='ocrx_word' id='word_1_160' title='bbox 1358 1205 1524 1263; x_wconf 86' lang='lat' dir='ltr'>pietate</span> <span class='ocrx_word' id='word_1_161' title='bbox 1544 1211 1588 1248; x_wconf 90' lang='lat' dir='ltr'>et</span> <span class='ocrx_word' id='word_1_162' title='bbox 1608 1205 1687 1248; x_wconf 90' lang='lat' dir='ltr'>ho-</span> 
     </span>
     <span class='ocr_line' id='line_1_20' title="bbox 211 1261 1688 1321; baseline 0.003 -20"><span class='ocrx_word' id='word_1_163' title='bbox 211 1264 386 1303; x_wconf 83' lang='lat' dir='ltr'>nestate</span> <span class='ocrx_word' id='word_1_164' title='bbox 415 1261 651 1319; x_wconf 84' lang='lat' dir='ltr'>probetur,</span> <span class='ocrx_word' id='word_1_165' title='bbox 679 1261 766 1304; x_wconf 86' lang='lat' dir='ltr'>fide</span> <span class='ocrx_word' id='word_1_166' title='bbox 795 1262 945 1304; x_wconf 69' lang='lat' dir='ltr'>habita</span> <span class='ocrx_word' id='word_1_167' title='bbox 976 1276 1025 1304; x_wconf 91' lang='lat' dir='ltr'>se</span> <span class='ocrx_word' id='word_1_168' title='bbox 1052 1262 1152 1305; x_wconf 90' lang='lat' dir='ltr'>Deo</span> <span class='ocrx_word' id='word_1_169' title='bbox 1176 1262 1454 1306; x_wconf 84' lang='lat' dir='ltr'>reconciliari</span> <span class='ocrx_word' id='word_1_170' title='bbox 1490 1263 1688 1321; x_wconf 83' lang='lat' dir='ltr'>patiatur</span> 
     </span>
     <span class='ocr_line' id='line_1_21' title="bbox 209 1315 1687 1377; baseline 0.001 -18"><span class='ocrx_word' id='word_1_171' title='bbox 209 1316 279 1369; x_wconf 83' lang='lat' dir='ltr'>(V.</span> <span class='ocrx_word' id='word_1_172' title='bbox 301 1318 329 1359; x_wconf 90' lang='lat'>2</span> <span class='ocrx_word' id='word_1_173' title='bbox 350 1317 454 1362; x_wconf 87' lang='lat' dir='ltr'>Cor.</span> <span class='ocrx_word' id='word_1_174' title='bbox 476 1317 529 1372; x_wconf 85' lang='lat'>5,</span> <span class='ocrx_word' id='word_1_175' title='bbox 559 1318 631 1363; x_wconf 86' lang='lat'>20.</span> <span class='ocrx_word' id='word_1_176' title='bbox 660 1315 962 1375; x_wconf 71' lang='grc' dir='ltr'><em>καταλλάγητε</em></span> <span class='ocrx_word' id='word_1_177' title='bbox 990 1320 1052 1376; x_wconf 77' lang='grc' dir='ltr'>τῷ</span> <span class='ocrx_word' id='word_1_178' title='bbox 1077 1319 1212 1376; x_wconf 72' lang='grc' dir='ltr'><strong>θεῷ).</strong></span> <span class='ocrx_word' id='word_1_179' title='bbox 1267 1319 1522 1372; x_wconf 68' lang='grc' dir='ltr'>ΙῖιιεεῙῐενΐ.,</span> <span class='ocrx_word' id='word_1_180' title='bbox 1552 1334 1687 1377; x_wconf 89' lang='lat' dir='ltr'>quum</span> 
     </span>
     <span class='ocr_line' id='line_1_22' title="bbox 212 1371 1687 1433; baseline 0.002 -17"><span class='ocrx_word' id='word_1_181' title='bbox 212 1371 386 1416; x_wconf 80' lang='lat' dir='ltr'>christi</span> <span class='ocrx_word' id='word_1_182' title='bbox 405 1376 620 1430; x_wconf 86' lang='lat' dir='ltr'>sanguine</span> <span class='ocrx_word' id='word_1_183' title='bbox 649 1374 788 1417; x_wconf 82' lang='lat' dir='ltr'>effuso</span> <span class='ocrx_word' id='word_1_184' title='bbox 817 1390 968 1418; x_wconf 89' lang='lat' dir='ltr'>omnes</span> <span class='ocrx_word' id='word_1_185' title='bbox 995 1376 1244 1433; x_wconf 89' lang='lat' dir='ltr'>promiscue</span> <span class='ocrx_word' id='word_1_186' title='bbox 1273 1377 1471 1419; x_wconf 89' lang='lat' dir='ltr'>homines</span> <span class='ocrx_word' id='word_1_187' title='bbox 1503 1377 1564 1418; x_wconf 86' lang='lat' dir='ltr'>ita</span> <span class='ocrx_word' id='word_1_188' title='bbox 1586 1377 1687 1420; x_wconf 86' lang='lat' dir='ltr'>Deo</span> 
     </span>
     <span class='ocr_line' id='line_1_23' title="bbox 209 1430 1689 1484; baseline 0.003 -13"><span class='ocrx_word' id='word_1_189' title='bbox 209 1430 524 1473; x_wconf 80' lang='lat' dir='ltr'>reconciliatos</span> <span class='ocrx_word' id='word_1_190' title='bbox 545 1446 672 1484; x_wconf 90' lang='lat' dir='ltr'>esse,</span> <span class='ocrx_word' id='word_1_191' title='bbox 701 1437 751 1474; x_wconf 89' lang='lat' dir='ltr'>ut</span> <span class='ocrx_word' id='word_1_192' title='bbox 771 1432 863 1475; x_wconf 79' lang='lat' dir='ltr'>sive</span> <span class='ocrx_word' id='word_1_193' title='bbox 883 1433 1196 1477; x_wconf 82' lang='lat' dir='ltr'>honestissime</span> <span class='ocrx_word' id='word_1_194' title='bbox 1215 1433 1307 1476; x_wconf 79' lang='lat' dir='ltr'>sive</span> <span class='ocrx_word' id='word_1_195' title='bbox 1334 1438 1408 1476; x_wconf 89' lang='lat' dir='ltr'>tur</span> <span class='ocrx_word' id='word_1_196' title='bbox 1443 1433 1593 1476; x_wconf 88' lang='lat' dir='ltr'>issime</span> <span class='ocrx_word' id='word_1_197' title='bbox 1621 1434 1689 1476; x_wconf 72' lang='lat' dir='ltr'>vi-</span> 
     </span>
     <span class='ocr_line' id='line_1_24' title="bbox 211 1487 1689 1542; baseline 0.003 -15"><span class='ocrx_word' id='word_1_198' title='bbox 211 1491 302 1527; x_wconf 86' lang='lat' dir='ltr'>tam</span> <span class='ocrx_word' id='word_1_199' title='bbox 332 1487 530 1542; x_wconf 87' lang='lat' dir='ltr'>egissent</span> <span class='ocrx_word' id='word_1_200' title='bbox 550 1487 696 1530; x_wconf 91' lang='lat' dir='ltr'>Deum</span> <span class='ocrx_word' id='word_1_201' title='bbox 727 1489 816 1530; x_wconf 89' lang='lat' dir='ltr'>sibi</span> <span class='ocrx_word' id='word_1_202' title='bbox 845 1489 1080 1542; x_wconf 79' lang='lat' dir='ltr'>benignum</span> <span class='ocrx_word' id='word_1_203' title='bbox 1109 1489 1347 1542; x_wconf 82' lang='lat' dir='ltr'>haherent,</span> <span class='ocrx_word' id='word_1_204' title='bbox 1433 1490 1580 1532; x_wconf 91' lang='lat' dir='ltr'>aulum</span> <span class='ocrx_word' id='word_1_205' title='bbox 1608 1489 1689 1532; x_wconf 92' lang='lat' dir='ltr'>do-</span> 
     </span>
     <span class='ocr_line' id='line_1_25' title="bbox 209 1544 1687 1602; baseline 0.004 -18"><span class='ocrx_word' id='word_1_206' title='bbox 209 1544 359 1586; x_wconf 84' lang='lat' dir='ltr'>cuisse</span> <span class='ocrx_word' id='word_1_207' title='bbox 388 1544 476 1586; x_wconf 88' lang='lat' dir='ltr'>sihi</span> <span class='ocrx_word' id='word_1_208' title='bbox 501 1545 803 1602; x_wconf 86' lang='lat' dir='ltr'>persuasisset</span> <span class='ocrx_word' id='word_1_209' title='bbox 829 1548 1006 1600; x_wconf 64' lang='lat' dir='ltr'>(OEbtistl.</span> <span class='ocrx_word' id='word_1_210' title='bbox 1032 1547 1183 1600; x_wconf 57' lang='lat' dir='ltr'>mimos·</span> <span class='ocrx_word' id='word_1_211' title='bbox 1205 1544 1283 1597; x_wconf 89' lang='lat' dir='ltr'>II,</span> <span class='ocrx_word' id='word_1_212' title='bbox 1345 1577 1357 1590; x_wconf 87' lang='lat'><strong>.</strong></span> <span class='ocrx_word' id='word_1_213' title='bbox 1376 1546 1502 1601; x_wconf 88' lang='lat'><strong>318.)</strong></span> <span class='ocrx_word' id='word_1_214' title='bbox 1531 1544 1687 1590; x_wconf 90' lang='lat' dir='ltr'>Pauli-</span> 
     </span>
     <span class='ocr_line' id='line_1_26' title="bbox 207 1561 1687 1658; baseline 0.005 -18"><span class='ocrx_word' id='word_1_215' title='bbox 207 1613 301 1655; x_wconf 82' lang='lat' dir='ltr'>que</span> <span class='ocrx_word' id='word_1_216' title='bbox 328 1614 369 1643; x_wconf 77' lang='lat' dir='ltr'>V.</span> <span class='ocrx_word' id='word_1_217' title='bbox 399 1602 554 1656; x_wconf 69' lang='grc' dir='ltr'>ἐχθροὶ</span> <span class='ocrx_word' id='word_1_218' title='bbox 583 1594 705 1650; x_wconf 69' lang='grc' dir='ltr'><strong><em>’ὄντες</em></strong></span> <span class='ocrx_word' id='word_1_219' title='bbox 734 1600 1065 1658; x_wconf 71' lang='grc' dir='ltr'><em>κατηλλάγημεν</em></span> <span class='ocrx_word' id='word_1_220' title='bbox 1094 1602 1156 1657; x_wconf 76' lang='grc' dir='ltr'>τῷ</span> <span class='ocrx_word' id='word_1_221' title='bbox 1182 1603 1278 1657; x_wconf 72' lang='grc' dir='ltr'>θεῷ</span> <span class='ocrx_word' id='word_1_222' title='bbox 1310 1561 1351 1646; x_wconf 59' lang='lat' dir='ltr'>g.</span> <span class='ocrx_word' id='word_1_223' title='bbox 1380 1619 1421 1647; x_wconf 81' lang='grc' dir='ltr'>τ.</span> <span class='ocrx_word' id='word_1_224' title='bbox 1449 1606 1499 1645; x_wconf 77' lang='grc' dir='ltr'>θ.</span> <span class='ocrx_word' id='word_1_225' title='bbox 1526 1620 1564 1646; x_wconf 88' lang='grc' dir='ltr'>τ.</span> <span class='ocrx_word' id='word_1_226' title='bbox 1586 1620 1623 1646; x_wconf 81' lang='grc' dir='ltr'>υ.</span> <span class='ocrx_word' id='word_1_227' title='bbox 1644 1620 1687 1647; x_wconf 87' lang='grc' dir='ltr'>α.</span> 
     </span>
     <span class='ocr_line' id='line_1_27' title="bbox 207 1655 1687 1714; baseline 0.004 -17"><span class='ocrx_word' id='word_1_228' title='bbox 207 1669 300 1696; x_wconf 75' lang='lat' dir='ltr'>non</span> <span class='ocrx_word' id='word_1_229' title='bbox 322 1655 409 1698; x_wconf 89' lang='lat' dir='ltr'>nisi</span> <span class='ocrx_word' id='word_1_230' title='bbox 428 1657 508 1698; x_wconf 93' lang='lat' dir='ltr'>hoc</span> <span class='ocrx_word' id='word_1_231' title='bbox 535 1657 681 1699; x_wconf 83' lang='lat' dir='ltr'>valere</span> <span class='ocrx_word' id='word_1_232' title='bbox 706 1671 861 1714; x_wconf 89' lang='lat' dir='ltr'>posse:</span> <span class='ocrx_word' id='word_1_233' title='bbox 889 1672 964 1698; x_wconf 79' lang='lat' dir='ltr'>nos</span> <span class='ocrx_word' id='word_1_234' title='bbox 994 1658 1065 1713; x_wconf 77' lang='lat' dir='ltr'>qui</span> <span class='ocrx_word' id='word_1_235' title='bbox 1096 1658 1346 1701; x_wconf 73' lang='lat' dir='ltr'>inimicitias</span> <span class='ocrx_word' id='word_1_236' title='bbox 1372 1661 1415 1702; x_wconf 76' lang='lat' dir='ltr'>in</span> <span class='ocrx_word' id='word_1_237' title='bbox 1434 1660 1578 1702; x_wconf 80' lang='lat' dir='ltr'>Deum</span> <span class='ocrx_word' id='word_1_238' title='bbox 1607 1676 1687 1704; x_wconf 76' lang='lat' dir='ltr'>ex-</span> 
     </span>
     <span class='ocr_line' id='line_1_28' title="bbox 211 1712 1687 1770; baseline 0.004 -16"><span class='ocrx_word' id='word_1_239' title='bbox 211 1716 451 1755; x_wconf 77' lang='lat' dir='ltr'>erceremus</span> <span class='ocrx_word' id='word_1_240' title='bbox 469 1712 636 1767; x_wconf 73' lang='lat' dir='ltr'>placati</span> <span class='ocrx_word' id='word_1_241' title='bbox 658 1714 755 1756; x_wconf 87' lang='lat' dir='ltr'>Deo</span> <span class='ocrx_word' id='word_1_242' title='bbox 769 1727 915 1754; x_wconf 76' lang='lat' dir='ltr'>sumus</span> <span class='ocrx_word' id='word_1_243' title='bbox 935 1713 1094 1756; x_wconf 65' lang='lat' dir='ltr'>Christi</span> <span class='ocrx_word' id='word_1_244' title='bbox 1125 1715 1334 1770; x_wconf 73' lang='lat' dir='ltr'>supplicio</span> <span class='ocrx_word' id='word_1_245' title='bbox 1361 1721 1404 1759; x_wconf 78' lang='lat' dir='ltr'>et</span> <span class='ocrx_word' id='word_1_246' title='bbox 1434 1717 1687 1760; x_wconf 73' lang='lat' dir='ltr'>inimicitias</span> 
     </span>
     <span class='ocr_line' id='line_1_29' title="bbox 209 1769 1688 1832; baseline 0.004 -22"><span class='ocrx_word' id='word_1_247' title='bbox 209 1773 384 1810; x_wconf 73' lang='lat' dir='ltr'>nostras</span> <span class='ocrx_word' id='word_1_248' title='bbox 402 1769 672 1824; x_wconf 76' lang='lat' dir='ltr'>deposuimus</span> <span class='ocrx_word' id='word_1_249' title='bbox 692 1769 808 1811; x_wconf 82' lang='lat' dir='ltr'>falso</span> <span class='ocrx_word' id='word_1_250' title='bbox 835 1770 1108 1826; x_wconf 77' lang='lat' dir='ltr'>putavisset,</span> <span class='ocrx_word' id='word_1_251' title='bbox 1137 1772 1431 1827; x_wconf 75' lang='lat' dir='ltr'>Apostolum,</span> <span class='ocrx_word' id='word_1_252' title='bbox 1461 1774 1688 1832; x_wconf 89' lang='lat' dir='ltr'>principa-</span> 
     </span>
     <span class='ocr_line' id='line_1_30' title="bbox 207 1824 1686 1885; baseline 0.005 -19"><span class='ocrx_word' id='word_1_253' title='bbox 207 1824 271 1867; x_wconf 75' lang='lat' dir='ltr'>lis</span> <span class='ocrx_word' id='word_1_254' title='bbox 293 1825 364 1866; x_wconf 90' lang='lat' dir='ltr'>sui</span> <span class='ocrx_word' id='word_1_255' title='bbox 384 1824 602 1880; x_wconf 78' lang='lat' dir='ltr'>dogmatis</span> <span class='ocrx_word' id='word_1_256' title='bbox 660 1839 783 1867; x_wconf 87' lang='lat' dir='ltr'>arum</span> <span class='ocrx_word' id='word_1_257' title='bbox 811 1839 1070 1878; x_wconf 88' lang='lat' dir='ltr'>memorem,</span> <span class='ocrx_word' id='word_1_258' title='bbox 1102 1827 1355 1882; x_wconf 84' lang='lat' dir='ltr'>honestate,</span> <span class='ocrx_word' id='word_1_259' title='bbox 1386 1830 1430 1871; x_wconf 88' lang='lat' dir='ltr'>in</span> <span class='ocrx_word' id='word_1_260' title='bbox 1461 1831 1546 1885; x_wconf 66' lang='lat' dir='ltr'>quai</span> <span class='ocrx_word' id='word_1_261' title='bbox 1576 1832 1686 1873; x_wconf 84' lang='lat' dir='ltr'>ami-</span> 
     </span>
     <span class='ocr_line' id='line_1_31' title="bbox 213 1881 1687 1946; baseline 0.005 -24"><span class='ocrx_word' id='word_1_262' title='bbox 213 1894 292 1922; x_wconf 88' lang='lat' dir='ltr'>cus</span> <span class='ocrx_word' id='word_1_263' title='bbox 319 1881 539 1923; x_wconf 89' lang='lat' dir='ltr'>hominum</span> <span class='ocrx_word' id='word_1_264' title='bbox 567 1882 611 1924; x_wconf 91' lang='lat' dir='ltr'>in</span> <span class='ocrx_word' id='word_1_265' title='bbox 677 1897 773 1926; x_wconf 88' lang='lat' dir='ltr'>eum</span> <span class='ocrx_word' id='word_1_266' title='bbox 802 1881 974 1922; x_wconf 90' lang='lat' dir='ltr'>animus</span> <span class='ocrx_word' id='word_1_267' title='bbox 1005 1883 1228 1935; x_wconf 86' lang='lat' dir='ltr'>cernitur,</span> <span class='ocrx_word' id='word_1_268' title='bbox 1267 1899 1351 1926; x_wconf 90' lang='lat' dir='ltr'>non</span> <span class='ocrx_word' id='word_1_269' title='bbox 1377 1884 1549 1929; x_wconf 89' lang='lat' dir='ltr'>Christi</span> <span class='ocrx_word' id='word_1_270' title='bbox 1578 1903 1687 1946; x_wconf 91' lang='lat' dir='ltr'>sup-</span> 
     </span>
     <span class='ocr_line' id='line_1_32' title="bbox 202 1937 1688 2001; baseline 0.007 -23"><span class='ocrx_word' id='word_1_271' title='bbox 202 1945 208 1948; x_wconf 71' lang='grc'><em>’</em></span> <span class='ocrx_word' id='word_1_272' title='bbox 243 1937 372 1990; x_wconf 91' lang='lat' dir='ltr'>licio,</span> <span class='ocrx_word' id='word_1_273' title='bbox 401 1952 487 1994; x_wconf 87' lang='lat' dir='ltr'>quo</span> <span class='ocrx_word' id='word_1_274' title='bbox 505 1942 683 1996; x_wconf 86' lang='lat' dir='ltr'>peecata</span> <span class='ocrx_word' id='word_1_275' title='bbox 713 1937 890 1994; x_wconf 86' lang='lat' dir='ltr'>expiata</span> <span class='ocrx_word' id='word_1_276' title='bbox 921 1942 1097 1991; x_wconf 89' lang='lat' dir='ltr'>essent,</span> <span class='ocrx_word' id='word_1_277' title='bbox 1123 1939 1278 1981; x_wconf 86' lang='lat' dir='ltr'>heatae</span> <span class='ocrx_word' id='word_1_278' title='bbox 1307 1941 1423 1983; x_wconf 71' lang='lat' dir='ltr'>vitae</span> <span class='ocrx_word' id='word_1_279' title='bbox 1452 1958 1575 2001; x_wconf 89' lang='lat' dir='ltr'>spem</span> <span class='ocrx_word' id='word_1_280' title='bbox 1602 1946 1688 1989; x_wconf 86' lang='lat' dir='ltr'>niti</span> 
     </span>
     <span class='ocr_line' id='line_1_33' title="bbox 203 1951 1686 2057; baseline 0.007 -21"><span class='ocrx_word' id='word_1_281' title='bbox 203 1951 260 2038; x_wconf 55' lang='lat' dir='ltr'>ii.</span> <span class='ocrx_word' id='word_1_282' title='bbox 276 1994 310 2038; x_wconf 90' lang='lat' dir='ltr'>l.</span> <span class='ocrx_word' id='word_1_283' title='bbox 328 1992 579 2038; x_wconf 87' lang='lat' dir='ltr'>declarasse</span> <span class='ocrx_word' id='word_1_284' title='bbox 603 2009 724 2037; x_wconf 91' lang='lat' dir='ltr'>more</span> <span class='ocrx_word' id='word_1_285' title='bbox 751 2007 831 2036; x_wconf 91' lang='lat' dir='ltr'>suo</span> <span class='ocrx_word' id='word_1_286' title='bbox 863 1994 1104 2051; x_wconf 85' lang='lat' dir='ltr'>perhibuit.</span> <span class='ocrx_word' id='word_1_287' title='bbox 1161 1994 1252 2051; x_wconf 80' lang='lat' dir='ltr'>Qui</span> <span class='ocrx_word' id='word_1_288' title='bbox 1277 1997 1350 2039; x_wconf 84' lang='lat' dir='ltr'>hie</span> <span class='ocrx_word' id='word_1_289' title='bbox 1380 2013 1554 2057; x_wconf 90' lang='lat' dir='ltr'>quoque</span> <span class='ocrx_word' id='word_1_290' title='bbox 1579 2015 1686 2046; x_wconf 84' lang='lat' dir='ltr'>suas</span> 
     </span>
     <span class='ocr_line' id='line_1_34' title="bbox 205 2051 1682 2111; baseline 0.006 -19"><span class='ocrx_word' id='word_1_291' title='bbox 205 2051 375 2093; x_wconf 83' lang='lat' dir='ltr'>mentis</span> <span class='ocrx_word' id='word_1_292' title='bbox 393 2052 600 2094; x_wconf 89' lang='lat' dir='ltr'>tenebras</span> <span class='ocrx_word' id='word_1_293' title='bbox 618 2051 783 2094; x_wconf 90' lang='lat' dir='ltr'>rectius</span> <span class='ocrx_word' id='word_1_294' title='bbox 803 2051 1123 2104; x_wconf 81' lang='lat' dir='ltr'>accusavisset,</span> <span class='ocrx_word' id='word_1_295' title='bbox 1154 2068 1283 2109; x_wconf 86' lang='lat' dir='ltr'>quam</span> <span class='ocrx_word' id='word_1_296' title='bbox 1311 2053 1512 2111; x_wconf 88' lang='lat' dir='ltr'>Paulum,</span> <span class='ocrx_word' id='word_1_297' title='bbox 1539 2058 1682 2104; x_wconf 74' lang='lat' dir='ltr'>virum</span> 
     </span>
     <span class='ocr_line' id='line_1_35' title="bbox 208 2107 1687 2166; baseline 0.008 -18"><span class='ocrx_word' id='word_1_298' title='bbox 208 2107 515 2151; x_wconf 85' lang='lat' dir='ltr'>acutissimum</span> <span class='ocrx_word' id='word_1_299' title='bbox 536 2112 580 2151; x_wconf 86' lang='lat' dir='ltr'>et</span> <span class='ocrx_word' id='word_1_300' title='bbox 599 2107 963 2159; x_wconf 82' lang='lat' dir='ltr'>subtilissimum,</span> <span class='ocrx_word' id='word_1_301' title='bbox 993 2109 1249 2166; x_wconf 83' lang='lat' dir='ltr'>perturbate</span> <span class='ocrx_word' id='word_1_302' title='bbox 1270 2109 1441 2155; x_wconf 81' lang='lat' dir='ltr'>dixisse</span> <span class='ocrx_word' id='word_1_303' title='bbox 1459 2116 1687 2160; x_wconf 81' lang='lat' dir='ltr'>contendit</span> 
     </span>
     <span class='ocr_line' id='line_1_36' title="bbox 235 2166 1686 2229; baseline 0.006 -23"><span class='ocrx_word' id='word_1_304' title='bbox 235 2178 277 2208; x_wconf 81' lang='lat' dir='ltr'>v.</span> <span class='ocrx_word' id='word_1_305' title='bbox 300 2179 434 2222; x_wconf 85' lang='lat' dir='ltr'>supra</span> <span class='ocrx_word' id='word_1_306' title='bbox 455 2166 511 2209; x_wconf 90' lang='lat' dir='ltr'>cl.</span> <span class='ocrx_word' id='word_1_307' title='bbox 538 2166 703 2209; x_wconf 78' lang='lat' dir='ltr'>Usterio</span> <span class='ocrx_word' id='word_1_308' title='bbox 723 2166 757 2209; x_wconf 90' lang='lat' dir='ltr'>l.</span> <span class='ocrx_word' id='word_1_309' title='bbox 780 2178 818 2207; x_wconf 87' lang='lat' dir='ltr'>c.</span> <span class='ocrx_word' id='word_1_310' title='bbox 846 2180 891 2222; x_wconf 86' lang='lat' dir='ltr'>p.</span> <span class='ocrx_word' id='word_1_311' title='bbox 912 2166 1010 2209; x_wconf 80' lang='lat'>121.</span> <span class='ocrx_word' id='word_1_312' title='bbox 1030 2180 1099 2222; x_wconf 88' lang='lat' dir='ltr'>sq.</span> <span class='ocrx_word' id='word_1_313' title='bbox 1119 2171 1163 2208; x_wconf 92' lang='lat' dir='ltr'>et</span> <span class='ocrx_word' id='word_1_314' title='bbox 1182 2166 1360 2210; x_wconf 76' lang='lat' dir='ltr'>Reiche‘o</span> <span class='ocrx_word' id='word_1_315' title='bbox 1387 2169 1444 2212; x_wconf 83' lang='lat' dir='ltr'>ad</span> <span class='ocrx_word' id='word_1_316' title='bbox 1474 2171 1608 2229; x_wconf 84' lang='lat' dir='ltr'>h.&#39;l.).</span> <span class='ocrx_word' id='word_1_317' title='bbox 1627 2198 1686 2206; x_wconf 96' lang='lat'>—</span> 
     </span>
    </p>

    <p class='ocr_par' dir='ltr' id='par_1_3' title="bbox 208 2219 1685 2457">
     <span class='ocr_line' id='line_1_37' title="bbox 261 2219 1685 2285; baseline 0.007 -22"><span class='ocrx_word' id='word_1_318' title='bbox 261 2220 307 2263; x_wconf 90' lang='lat' dir='ltr'>ui</span> <span class='ocrx_word' id='word_1_319' title='bbox 327 2222 423 2264; x_wconf 84' lang='lat' dir='ltr'>voci</span> <span class='ocrx_word' id='word_1_320' title='bbox 443 2219 606 2279; x_wconf 73' lang='grc' dir='ltr'><em>ἐχθρός</em></span> <span class='ocrx_word' id='word_1_321' title='bbox 626 2222 768 2265; x_wconf 74' lang='lat' dir='ltr'>activa</span> <span class='ocrx_word' id='word_1_322' title='bbox 789 2225 1009 2278; x_wconf 88' lang='lat' dir='ltr'>potestate</span> <span class='ocrx_word' id='word_1_323' title='bbox 1035 2222 1199 2266; x_wconf 75' lang='lat' dir='ltr'>tributa</span> <span class='ocrx_word' id='word_1_324' title='bbox 1229 2223 1278 2280; x_wconf 87' lang='lat' dir='ltr'>(J</span> <span class='ocrx_word' id='word_1_325' title='bbox 1281 2239 1345 2269; x_wconf 89' lang='lat' dir='ltr'>ac.</span> <span class='ocrx_word' id='word_1_326' title='bbox 1363 2226 1407 2277; x_wconf 80' lang='lat'>4,</span> <span class='ocrx_word' id='word_1_327' title='bbox 1424 2227 1492 2285; x_wconf 81' lang='lat'>4.)</span> <span class='ocrx_word' id='word_1_328' title='bbox 1518 2229 1631 2272; x_wconf 90' lang='lat' dir='ltr'>hunc</span> <span class='ocrx_word' id='word_1_329' title='bbox 1649 2231 1685 2278; x_wconf 88' lang='grc'>1.</span> 
     </span>
     <span class='ocr_line' id='line_1_38' title="bbox 209 2278 1682 2342; baseline 0.007 -23"><span class='ocrx_word' id='word_1_330' title='bbox 209 2278 278 2319; x_wconf 81' lang='lat' dir='ltr'>sic</span> <span class='ocrx_word' id='word_1_331' title='bbox 293 2292 345 2320; x_wconf 86' lang='lat' dir='ltr'>ex</span> <span class='ocrx_word' id='word_1_332' title='bbox 382 2285 615 2324; x_wconf 87' lang='lat' dir='ltr'>osuerunt:</span> <span class='ocrx_word' id='word_1_333' title='bbox 647 2293 742 2321; x_wconf 90' lang='lat' dir='ltr'>nam</span> <span class='ocrx_word' id='word_1_334' title='bbox 763 2280 802 2321; x_wconf 94' lang='lat' dir='ltr'>si</span> <span class='ocrx_word' id='word_1_335' title='bbox 823 2293 948 2336; x_wconf 78' lang='lat' dir='ltr'>quum</span> <span class='ocrx_word' id='word_1_336' title='bbox 969 2279 1122 2322; x_wconf 83' lang='lat' dir='ltr'>bellum</span> <span class='ocrx_word' id='word_1_337' title='bbox 1140 2281 1342 2324; x_wconf 71' lang='lat' dir='ltr'>adversus</span> <span class='ocrx_word' id='word_1_338' title='bbox 1352 2284 1494 2327; x_wconf 81' lang='lat' dir='ltr'>Deum</span> <span class='ocrx_word' id='word_1_339' title='bbox 1509 2300 1682 2342; x_wconf 78' lang='lat' dir='ltr'>yerere-</span> 
     </span>
     <span class='ocr_line' id='line_1_39' title="bbox 209 2336 1683 2400; baseline 0.007 -24"><span class='ocrx_word' id='word_1_340' title='bbox 209 2347 308 2376; x_wconf 77' lang='lat' dir='ltr'>mus</span> <span class='ocrx_word' id='word_1_341' title='bbox 322 2349 352 2390; x_wconf 91' lang='lat' dir='ltr'>p</span> <span class='ocrx_word' id='word_1_342' title='bbox 373 2337 489 2378; x_wconf 75' lang='lat' dir='ltr'>acati</span> <span class='ocrx_word' id='word_1_343' title='bbox 507 2336 607 2379; x_wconf 92' lang='lat' dir='ltr'>Deo</span> <span class='ocrx_word' id='word_1_344' title='bbox 626 2350 777 2378; x_wconf 89' lang='lat' dir='ltr'>sumus</span> <span class='ocrx_word' id='word_1_345' title='bbox 800 2336 969 2379; x_wconf 85' lang='lat' dir='ltr'>Christi</span> <span class='ocrx_word' id='word_1_346' title='bbox 989 2339 1149 2389; x_wconf 86' lang='lat' dir='ltr'>morte,</span> <span class='ocrx_word' id='word_1_347' title='bbox 1178 2338 1317 2380; x_wconf 89' lang='lat' dir='ltr'>multo</span> <span class='ocrx_word' id='word_1_348' title='bbox 1339 2343 1481 2396; x_wconf 84' lang='lat' dir='ltr'>magis</span> <span class='ocrx_word' id='word_1_349' title='bbox 1500 2349 1584 2388; x_wconf 89' lang='lat' dir='ltr'>etc.</span> <span class='ocrx_word' id='word_1_350' title='bbox 1609 2345 1683 2400; x_wconf 86' lang='lat' dir='ltr'>iis,</span> 
     </span>
     <span class='ocr_line' id='line_1_40' title="bbox 208 2392 1682 2457; baseline 0.011 -26"><span class='ocrx_word' id='word_1_351' title='bbox 208 2394 264 2432; x_wconf 78' lang='lat' dir='ltr'>ut</span> <span class='ocrx_word' id='word_1_352' title='bbox 282 2392 500 2436; x_wconf 87' lang='lat' dir='ltr'>sententia</span> <span class='ocrx_word' id='word_1_353' title='bbox 516 2393 631 2438; x_wconf 87' lang='lat' dir='ltr'>bene</span> <span class='ocrx_word' id='word_1_354' title='bbox 659 2392 996 2438; x_wconf 87' lang='lat' dir='ltr'>concluderetur</span> <span class='ocrx_word' id='word_1_355' title='bbox 1020 2399 1225 2451; x_wconf 85' lang='lat' dir='ltr'>recteque</span> <span class='ocrx_word' id='word_1_356' title='bbox 1251 2410 1348 2439; x_wconf 89' lang='lat' dir='ltr'>cum</span> <span class='ocrx_word' id='word_1_357' title='bbox 1373 2400 1682 2457; x_wconf 76' lang='lat' dir='ltr'>superioribus</span> 
     </span>
    </p>
   </div>
   <div class='ocr_carea' id='block_1_3' title="bbox 209 2499 1676 2677">
    <p class='ocr_par' dir='ltr' id='par_1_4' title="bbox 209 2499 1676 2677">
     <span class='ocr_line' id='line_1_41' title="bbox 209 2499 501 2518; baseline 0.01 -3"><span class='ocrx_word' id='word_1_358' title='bbox 209 2499 501 2518; x_wconf 45' lang='lat'>*—</span> 
     </span>
     <span class='ocr_line' id='line_1_42' title="bbox 305 2572 1676 2627; baseline 0.009 -21"><span class='ocrx_word' id='word_1_359' title='bbox 305 2572 390 2626; x_wconf 72' lang='lat' dir='ltr'>tiam</span> <span class='ocrx_word' id='word_1_360' title='bbox 409 2588 484 2610; x_wconf 88' lang='lat' dir='ltr'>non</span> <span class='ocrx_word' id='word_1_361' title='bbox 504 2576 685 2620; x_wconf 52' lang='lat' dir='ltr'>habuerim</span> <span class='ocrx_word' id='word_1_362' title='bbox 709 2573 770 2614; x_wconf 77' lang='grc' dir='ltr'>ιὸν</span> <span class='ocrx_word' id='word_1_363' title='bbox 790 2574 859 2626; x_wconf 72' lang='grc' dir='ltr'>γὰρ</span> <span class='ocrx_word' id='word_1_364' title='bbox 882 2573 937 2614; x_wconf 81' lang='grc' dir='ltr'>οὗ</span> <span class='ocrx_word' id='word_1_365' title='bbox 961 2575 1097 2624; x_wconf 72' lang='grc' dir='ltr'><strong><em>γνόντα</em></strong></span> <span class='ocrx_word' id='word_1_366' title='bbox 1122 2575 1305 2626; x_wconf 73' lang='grc' dir='ltr'>ἁμαρτίαν</span> <span class='ocrx_word' id='word_1_367' title='bbox 1328 2579 1527 2627; x_wconf 81' lang='lat' dir='ltr'>simplicem</span> <span class='ocrx_word' id='word_1_368' title='bbox 1548 2582 1676 2620; x_wconf 76' lang='lat' dir='ltr'>Clu-isli</span> 
     </span>
     <span class='ocr_line' id='line_1_43' title="bbox 305 2621 1674 2677; baseline 0.007 -23"><span class='ocrx_word' id='word_1_369' title='bbox 305 2621 528 2664; x_wconf 70' lang='lat' dir='ltr'>pcrnplu-asin</span> <span class='ocrx_word' id='word_1_370' title='bbox 555 2625 775 2659; x_wconf 71' lang='lat' dir='ltr'>contineret:</span> <span class='ocrx_word' id='word_1_371' title='bbox 811 2626 872 2677; x_wconf 78' lang='lat' dir='ltr'>qui</span> <span class='ocrx_word' id='word_1_372' title='bbox 901 2625 1014 2659; x_wconf 77' lang='lat' dir='ltr'>scelus</span> <span class='ocrx_word' id='word_1_373' title='bbox 1042 2637 1116 2659; x_wconf 88' lang='lat' dir='ltr'>non</span> <span class='ocrx_word' id='word_1_374' title='bbox 1140 2629 1323 2670; x_wconf 76' lang='lat' dir='ltr'>nouerat.)</span> <span class='ocrx_word' id='word_1_375' title='bbox 1345 2640 1429 2662; x_wconf 86' lang='lat' dir='ltr'>eum</span> <span class='ocrx_word' id='word_1_376' title='bbox 1457 2629 1493 2663; x_wconf 88' lang='lat' dir='ltr'>in</span> <span class='ocrx_word' id='word_1_377' title='bbox 1514 2636 1674 2663; x_wconf 66' lang='lat' dir='ltr'>nostrum</span> 
     </span>
    </p>
   </div>
   <div class='ocr_carea' id='block_1_4' title="bbox 302 2668 1675 2852">
    <p class='ocr_par' dir='ltr' id='par_1_5' title="bbox 302 2668 1675 2852">
     <span class='ocr_line' id='line_1_44' title="bbox 304 2668 1675 2719; baseline 0.01 -23"><span class='ocrx_word' id='word_1_378' title='bbox 304 2668 591 2718; x_wconf 55' lang='lat' dir='ltr'>en&#39;udumentum</span> <span class='ocrx_word' id='word_1_379' title='bbox 621 2670 764 2705; x_wconf 69' lang='lat' dir='ltr'>sceleris</span> <span class='ocrx_word' id='word_1_380' title='bbox 799 2670 980 2717; x_wconf 74' lang='lat' dir='ltr'>piaculum</span> <span class='ocrx_word' id='word_1_381' title='bbox 1006 2673 1107 2706; x_wconf 85' lang='lat' dir='ltr'>Deus</span> <span class='ocrx_word' id='word_1_382' title='bbox 1134 2673 1242 2717; x_wconf 72' lang='lat' dir='ltr'>fecit,</span> <span class='ocrx_word' id='word_1_383' title='bbox 1282 2680 1320 2707; x_wconf 76' lang='lat' dir='ltr'>ut</span> <span class='ocrx_word' id='word_1_384' title='bbox 1340 2693 1408 2708; x_wconf 88' lang='grc'>-.</span> <span class='ocrx_word' id='word_1_385' title='bbox 1459 2675 1540 2709; x_wconf 80' lang='lat' dir='ltr'>Non</span> <span class='ocrx_word' id='word_1_386' title='bbox 1567 2674 1675 2719; x_wconf 74' lang='lat' dir='ltr'>igitur</span> 
     </span>
     <span class='ocr_line' id='line_1_45' title="bbox 302 2711 1673 2766; baseline 0.007 -20"><span class='ocrx_word' id='word_1_387' title='bbox 302 2722 355 2755; x_wconf 82' lang='grc' dir='ltr'>μη</span> <span class='ocrx_word' id='word_1_388' title='bbox 381 2711 413 2744; x_wconf 84' lang='lat' dir='ltr'>b.</span> <span class='ocrx_word' id='word_1_389' title='bbox 435 2712 459 2748; x_wconf 92' lang='grc' dir='ltr'>Ι.</span> <span class='ocrx_word' id='word_1_390' title='bbox 489 2716 617 2749; x_wconf 69' lang='lat' dir='ltr'>fortius</span> <span class='ocrx_word' id='word_1_391' title='bbox 643 2729 687 2750; x_wconf 75' lang='lat' dir='ltr'>ne</span> <span class='ocrx_word' id='word_1_392' title='bbox 713 2724 771 2761; x_wconf 77' lang='lat' dir='ltr'>at,</span> <span class='ocrx_word' id='word_1_393' title='bbox 806 2730 913 2762; x_wconf 84' lang='lat' dir='ltr'>quam</span> <span class='ocrx_word' id='word_1_394' title='bbox 944 2717 1013 2762; x_wconf 75' lang='grc' dir='ltr'>οὗ,</span> <span class='ocrx_word' id='word_1_395' title='bbox 1048 2728 1126 2762; x_wconf 72' lang='lat' dir='ltr'>gat</span> <span class='ocrx_word' id='word_1_396' title='bbox 1150 2721 1258 2762; x_wconf 69' lang='lat' dir='ltr'>nicht</span> <span class='ocrx_word' id='word_1_397' title='bbox 1294 2720 1417 2763; x_wconf 75' lang='lat' dir='ltr'>(Win.</span> <span class='ocrx_word' id='word_1_398' title='bbox 1441 2733 1494 2766; x_wconf 77' lang='lat' dir='ltr'>gr.</span> <span class='ocrx_word' id='word_1_399' title='bbox 1522 2722 1673 2766; x_wconf 66' lang='lat' dir='ltr'>p.4oo.&gt;</span> 
     </span>
     <span class='ocr_line' id='line_1_46' title="bbox 305 2756 1671 2813; baseline 0.019 -25"><span class='ocrx_word' id='word_1_400' title='bbox 305 2762 342 2790; x_wconf 75' lang='lat' dir='ltr'>et</span> <span class='ocrx_word' id='word_1_401' title='bbox 365 2756 479 2791; x_wconf 81' lang='grc' dir='ltr'>ιιιυΙιο</span> <span class='ocrx_word' id='word_1_402' title='bbox 502 2760 619 2811; x_wconf 68' lang='lat' dir='ltr'>minus</span> <span class='ocrx_word' id='word_1_403' title='bbox 644 2761 666 2796; x_wconf 79' lang='lat'>8</span> <span class='ocrx_word' id='word_1_404' title='bbox 708 2763 767 2799; x_wconf 86' lang='lat' dir='ltr'>oh.</span> <span class='ocrx_word' id='word_1_405' title='bbox 787 2764 840 2798; x_wconf 86' lang='lat'>10.</span> <span class='ocrx_word' id='word_1_406' title='bbox 861 2765 922 2799; x_wconf 73' lang='grc' dir='ltr'>καὶ</span> <span class='ocrx_word' id='word_1_407' title='bbox 944 2765 1000 2810; x_wconf 78' lang='grc' dir='ltr'>μὴ</span> <span class='ocrx_word' id='word_1_408' title='bbox 1024 2760 1250 2813; x_wconf 70' lang='grc' dir='ltr'><strong><em>ἀρκούμενος</em></strong></span> <span class='ocrx_word' id='word_1_409' title='bbox 1277 2767 1340 2805; x_wconf 68' lang='lat' dir='ltr'>dna·</span> <span class='ocrx_word' id='word_1_410' title='bbox 1365 2764 1506 2810; x_wconf 67' lang='grc' dir='ltr'><strong><em>τούτοις</em></strong></span> <span class='ocrx_word' id='word_1_411' title='bbox 1528 2784 1573 2793; x_wconf 87' lang='grc'>·“</span> <span class='ocrx_word' id='word_1_412' title='bbox 1600 2766 1623 2803; x_wconf 68' lang='lat' dir='ltr'>i·</span> <span class='ocrx_word' id='word_1_413' title='bbox 1641 2780 1671 2804; x_wconf 59' lang='grc' dir='ltr'>ἔ·</span> 
     </span>
     <span class='ocr_line' id='line_1_47' title="bbox 307 2804 993 2852; baseline 0.022 -16"><span class='ocrx_word' id='word_1_414' title='bbox 307 2806 343 2837; x_wconf 75' lang='lat' dir='ltr'>et</span> <span class='ocrx_word' id='word_1_415' title='bbox 360 2814 472 2847; x_wconf 65' lang='lat' dir='ltr'>quum</span> <span class='ocrx_word' id='word_1_416' title='bbox 490 2804 544 2841; x_wconf 78' lang='lat' dir='ltr'>lm</span> <span class='ocrx_word' id='word_1_417' title='bbox 562 2819 635 2845; x_wconf 83' lang='lat' dir='ltr'>uon</span> <span class='ocrx_word' id='word_1_418' title='bbox 655 2816 846 2852; x_wconf 73' lang='lat' dir='ltr'>contentus</span> <span class='ocrx_word' id='word_1_419' title='bbox 865 2810 910 2847; x_wconf 76' lang='lat' dir='ltr'>sit</span> <span class='ocrx_word' id='word_1_420' title='bbox 927 2832 993 2851; x_wconf 84' lang='lat'>—.</span> 
     </span>
    </p>
   </div>
  </div>
 </body>
</html>
