1752 3347
672 157 829 202 CAI’.
865 158 902 202 l.
948 157 1104 202 Vs.2.
1607 159 1632 197 7

151 265 258 310 libri
276 283 314 310 s.
335 265 395 310 V.
414 265 473 310 T.
493 267 639 308 vocari
660 266 804 308 solent
825 263 881 307 αὶ
903 263 1074 321 γραφαί
1101 268 1146 307 et
1174 260 1199 320 ἢ
1224 262 1401 320 γραφή,
1444 267 1520 309 bie
1541 263 1626 311 ἓόὺι

151 326 257 379 ὡὲΐ,
287 325 379 371 bag
399 324 511 377 Qud)
533 318 631 365 κατ’
653 320 806 380 ἑξοχήν
824 321 926 366 Joh.
945 322 987 374 5,
999 321 1068 365 39.
1088 321 1218 365 Rom.
1236 320 1349 374 4,3..
1405 319 1496 379 Sed
1517 337 1628 378 7¹00-

192 382 238 423 αἱ
266 378 391 437 ἅγιαι
408 379 619 422 Articulo
648 394 734 422 non
763 378 933 438 adjecto
963 378 1191 420 declarare
1219 380 1407 436 possunt
1433 377 1563 420 libros
1589 395 1626 421 s.

197 470 209 482 .
234 437 302 481 Τ..
362 436 484 480 Satis
502 437 617 479 enim
646 435 697 478 dc
725 437 885 493 quihus
912 435 1041 477 libris
1068 438 1111 481 h.
1140 436 1172 479 l.
1201 440 1358 491 agatur
1387 434 1627 495 Adjectivo

150 490 298 549 ἁγίαις
326 493 563 537 indicatur.
626 493 700 536 Sic
727 493 855 537 Rom.
887 494 955 545 14,
975 494 1080 548 116,]
1107 495 1179 537 26.
1205 493 1376 549 γραφαὶ
1405 507 1628 548 προφη-

148 547 305 607 τικᾳί
342 556 446 593 sunt
472 553 545 596 bie
572 553 854 605 prophetisdnn
884 549 1051 603 ἓῧὺῴετ.
1115 542 1246 593 Unde
1272 553 1415 593 verte:
1465 551 1505 595 in
1540 552 1626 594 ben

149 611 188 659 l).
208 605 406 660 Qfiaeern.
466 606 701 662 Sequitur,
732 611 779 647 ut
805 612 1075 663 exponatur,
1117 622 1202 664 quo
1222 605 1274 650 P.
1303 606 1489 648 consilio
1517 606 1627 647 hanc

149 664 190 706 h.
209 663 242 706 l.
271 663 537 705 sententiam
565 662 886 714 enuntiaverit,
927 678 1026 704 esse
1054 664 1343 718 Evangelium
1370 679 1394 705 a
1421 663 1520 706 Deo
1550 678 1628 720 per

147 720 387 778 prophetas
413 720 458 761 in
486 719 618 761 libris
647 735 684 763 s.
713 724 812 761 ante
838 720 1120 776 promissum.
1194 719 1429 777 Plerique,
1466 719 1628 763 Patres

145 790 213 831 gr.
233 777 433 833 sequuti,
463 774 653 818 Paulum
672 780 748 817 aut
767 776 940 818 efficere
961 777 1181 830 voluisse,
1211 792 1264 818 ne
1285 793 1419 820 novas
1442 793 1515 819 res
1536 792 1625 819 mo-

144 833 222 876 liri
239 832 517 887 crederetur,
551 833 627 890 qui
647 833 864 888 evangelii
883 847 908 874 a
926 832 1025 879 Deo
1054 848 1134 890 per
1164 835 1402 891 prophetas
1433 835 1626 891 antiqui-

145 895 220 934 tus
237 891 448 949 promissi
465 896 586 933 esset
604 891 827 948 interpres
848 890 920 943 [cf.
944 889 1209 943 Tkeodoret.]
1224 923 1235 943 ,
1276 896 1351 934 aut
1372 907 1419 933 se
1442 892 1499 933 iis
1520 906 1625 949 pur—

146 961 301 1003 gasse,
345 948 422 1005 qui
458 962 612 990 novam
650 947 705 988 ab
740 962 790 990 eo
820 946 1065 999 doctrinam
1091 945 1209 988 tradi
1236 948 1626 1001 calumniarentur,

149 1005 223 1060 [cf.
251 1004 482 1060 Gh›·ysost.]
511 1004 843 1048 existimarunt.
911 1003 1111 1060 Quorum
1138 1004 1184 1045 in
1214 1019 1366 1046 errore
1406 1006 1624 1047 sententia

144 1067 365 1108 versatur.
436 1060 607 1104 Paulus
647 1061 786 1115 enim,
834 1065 884 1102 ut
916 1076 989 1103 res
1015 1061 1111 1119 ipsa
1140 1062 1406 1117 postulavit,
1449 1063 1627 1104 nonnisi

146 1122 239 1160 tum
258 1119 370 1161 nihil
388 1134 436 1161 se
454 1123 764 1176 praeterquam
784 1134 807 1161 a
826 1118 952 1161 Mose
972 1122 1015 1160 et
1043 1119 1267 1162 veteribus
1295 1119 1470 1161 vatibus
1496 1134 1624 1176 prae-

146 1174 262 1218 dicta
288 1175 492 1218 docuisse
518 1190 661 1232 neque
690 1191 736 1218 se
763 1191 787 1216 a
816 1176 974 1230 patriis
1005 1176 1166 1217 ritihus
1193 1175 1406 1219 defecisse
1434 1181 1625 1219 testatus

145 1236 238 1286 est,
280 1247 412 1289 quum
450 1247 497 1274 se
532 1232 696 1292 injuste
723 1232 778 1274 ab
805 1231 1012 1285 Judaeis,
1052 1233 1129 1289 qui
1158 1248 1256 1275 eum
1283 1232 1485 1289 desertae
1511 1233 1626 1288 legis

143 1288 495 1347 disciplinaeque
513 1289 731 1332 mosaicae
751 1291 1076 1347 postulassent,
1106 1294 1357 1332 accusatum
1377 1305 1475 1333 esse
1493 1291 1536 1332 ei
1554 1307 1623 1332 es-

145 1350 214 1389 set
233 1345 620 1389 demonstrandum
650 1346 726 1400 [cf.
753 1348 862 1390 Act.
891 1346 1043 1399 21,28.
1070 1347 1196 1401 24‚5.
1225 1348 1295 1390 14.
1321 1348 1444 1402 25,8.
1471 1348 1624 1401 2622.

142 1403 214 1457 28,
228 1404 334 1458 1⁷.].
391 1403 484 1446 Hic
503 1407 649 1455 autem
667 1417 808 1459 neque
826 1418 922 1445 cum
945 1403 1105 1457 Judaei
1151 1403 1243 1459 agit
1262 1418 1404 1461 neque
1422 1410 1520 1447 orat
1544 1420 1623 1461 pro

143 1475 191 1503 se
220 1474 366 1502 coram
394 1458 658 1515 magist-ratu
686 1475 865 1502 romano
894 1461 1022 1514 [Act.
1047 1461 1244 1514 26,22.],
1283 1461 1362 1504 sed
1387 1462 1623 1519 epistolam

142 1516 348 1559 inscribit
379 1516 630 1558 hominibus
663 1517 845 1570 christ„
888 1517 1007 1559 inter
1033 1532 1143 1573 quos
1169 1517 1316 1560 Deum
1347 1518 1623 1574 evangelium

142 1574 280 1616 multo
315 1577 417 1616 ante
451 1588 533 1632 per
561 1588 646 1673 pro
679 1573 806 1616 hetas
840 1572 1131 1631 portendisse
1166 1590 1351 1631 prorsus
1382 1581 1621 1620 constaret.

141 1629 381 1673 Praeterea
403 1631 442 1673 si
462 1631 542 1673 illa
602 1645 657 1672 au
681 1646 705 1672 o
723 1645 846 1673 mens
863 1632 1035 1685 fuerat,
1076 1646 1170 1673 rem
1194 1631 1256 1673 ita
1286 1632 1520 1675 instituere
1547 1632 1622 1675 de-

141 1687 322 1742 buerat,
364 1702 451 1730 non
478 1693 527 1730 ut
554 1703 602 1731 se
629 1687 838 1743 evanyelii
864 1704 890 1731 a
919 1689 1013 1730 Deo
1037 1703 1116 1744 per
1136 1690 1369 1744 prophetas
1395 1695 1498 1732 ante
1520 1705 1619 1745 pro-

142 1745 265 1799 missi
289 1745 576 1788 constitutum
602 1744 862 1799 magistrum
889 1745 1083 1800 diceret,
1120 1744 1202 1787 sed
1227 1750 1276 1788 ut
1301 1761 1348 1787 se
1376 1745 1620 1789 doctrinam

142 1801 230 1846 div.
249 1803 308 1845 ad
322 1808 511 1846 veterum
533 1807 680 1846 vatum
704 1802 966 1844 sententiam
993 1817 1207 1858 exponere
1235 1803 1380 1846 solere
1406 1809 1618 1847 moneret.

143 1858 248 1903 Alii
283 1859 328 1903 h.
365 1873 432 1902 vs.
467 1860 578 1901 hanc
606 1858 870 1901 sententiam
897 1859 1113 1902 contineri
1138 1863 1321 1916 putant:
1355 1861 1620 1917 evanyelium

136 1915 242 1973 jam
261 1916 430 1973 pridem
452 1916 643 1960 homines
676 1920 922 1972 exoptasse.
995 1914 1068 1958 Ita
1101 1917 1306 1958 nimirum
1343 1917 1618 1971 evangelium

137 1973 241 2030 jam·
259 1973 331 2016 diu
349 1973 403 2015 ab
430 1972 666 2016 hominibus
691 1972 1094 2026 desideratum,
1133 1988 1219 2015 non
1250 1988 1278 2016 a
1296 1975 1391 2017 Deo
1414 1989 1493 2030 per
1516 1988 1616 2027 pro-

139 2028 292 2086 phetas
328 2034 430 2073 ante
465 2029 789 2086 promissum
826 2027 969 2071 Paulo
1012 2028 1241 2072 dicendum
1270 2031 1430 2075 fuerat.
1502 2030 1617 2074 Sunt

139 2087 295 2141 etiam,
325 2085 403 2144 qui
422 2102 488 2131 VS.
505 2087 549 2130 2.
577 2086 799 2144 explicent
822 2086 1085 2141 evanyelium
1109 2102 1193 2130 non
1219 2102 1277 2130 ex
1300 2088 1516 2143 inopinato
1543 2090 1619 2130 sed

138 2142 204 2185 ita
220 2143 394 2197 datum,
422 2149 468 2186 ut
484 2143 700 2186 hominum
720 2143 856 2185 animi
880 2144 938 2185 ad
962 2142 1064 2197 ejus
1090 2149 1213 2187 satus
1240 2145 1506 2200 (accipiendos
1532 2144 1618 2187 rite

140 2205 280 2242 essent
301 2200 577 2256 praeparati.
640 2199 764 2242 Haec
800 2200 1019 2242 sententia
1053 2199 1109 2242 ad
1135 2200 1267 2260 hujus
1293 2201 1327 2245 l.
1355 2200 1615 2256 gravitatem

138 2254 260 2315 justo
277 2260 346 2299 est
370 2255 575 2301 debilior.
635 2256 755 2313 Quin
783 2257 1004 2325 evangelii
1030 2258 1290 2314 gravitatem
1321 2258 1613 2317 majestatem·
1676 2309 1680 2312 ,

140 2326 229 2411 {fle
264 2313 566 2355 celebraturus
594 2311 649 2359 Ρ.
684 2329 802 2358 voce.
843 2307 864 2356 ὁ
887 2338 938 2346 —-
960 2312 1004 2356 ἐν
1033 2316 1227 2370 γραφαῖς
1254 2310 1401 2368 ἁγίαις
1428 2313 1612 2359 addidit.

189 2383 257 2411 am
292 2371 588 2425 evangelium,
635 2370 752 2428 quod
778 2371 906 2414 Deus
940 2385 1021 2429 per
1056 2371 1294 2428 prophetas
1328 2371 1374 2412 in
1409 2371 1541 2414 libris
1573 2388 1611 2416 S..

141 2426 279 2468 multo
313 2431 413 2467 ante
449 2426 778 2482 denuntiasset,
825 2443 910 2469 non
939 2432 1114 2485 poterat
1139 2442 1223 2468 non
1252 2427 1512 2481 gravissima
1540 2443 1614 2471 res

87 2495 92 2498 ’
142 2497 243 2525 esse
269 2486 314 2524 et
341 2484 713 2539 praeclarissima.
780 2483 938 2542 Itaque
969 2483 1023 2527 Ρ.
1046 2499 1164 2536 sum,
1203 2484 1369 2539 inquit,
1407 2486 1614 2541 eranyelii

141 2540 353 2595 interpres
373 2540 574 2585 divinitus
591 2541 799 2594 delectus,
838 2556 938 2599 qno,
968 2555 1095 2597 (ptum
1122 2555 1148 2582 a
1165 2541 1260 2582 Deo
1283 2556 1362 2595 per
1383 2541 1612 2597 prophetas

142 2601 244 2640 arete
268 2596 521 2652 promissum
548 2596 627 2650 sit,
667 2597 772 2639 nihil
798 2597 978 2653 coye‘tari
1010 2601 1149 2652 potest
1185 2597 1383 2641 divinius.
1465 2597 1609 2654 Quam

140 2652 401 2696 sententiam
420 2667 504 2694 non
526 2652 668 2695 obiter
687 2653 901 2712 adjectam
921 2658 997 2695 aut
1016 2654 1359 2710 parentheticam
1379 2670 1475 2697 cum
1485 2655 1611 2698 Beza

139 2710 378 2767 multisque
407 2710 510 2751 aliis
532 2708 771 2768 judicabit,
815 2710 892 2766 qui
917 2709 1048 2768 hujus
1074 2710 1194 2752 tituli
1217 2717 1431 2754 commoto
1465 2712 1611 2754 animo

143 2766 298 2826 scripti
315 2767 402 2811 vim
423 2767 753 2825 ubertatemque
780 2767 1068 2825 persenserit.
1128 2766 1277 2821 Quare
1306 2770 1382 2826 qui
1407 2769 1522 2811 hunc
1544 2784 1609 2813 VS.

143 2823 426 2882 parenthesis
472 2824 613 2880 signis
660 2823 1099 2882 circumscripserunt
1136 2824 1343 2884 impet-um
1386 2826 1615 2882 fregerunt-

1675 2541 1702 2559 'X
