1752 3347
522 72 682 118 (JAP.
721 72 802 117 vl.
853 72 941 117 Vs,
969 74 1029 117 ⁴..
1427 70 1511 113 367

31 183 230 240 potentia
247 182 435 239 patris),
473 186 547 224 aut
561 215 572 234 ‚
613 186 661 224 ut
685 182 878 238 aliquam
900 180 1031 240 hujus
1049 177 1271 237 opinionis
1288 177 1506 221 rationem

32 239 282 284 reddidisse
304 238 581 291 viderentur,
622 237 696 280 διὰ
719 241 798 295 τῆς
819 236 949 294 δόξης
963 252 1043 293 pm·
1058 237 1321 292 polentiam,
1351 250 1451 293 qua
1463 250 1506 279 m

31 298 216 352 qloria
264 298 517 352 sequitur
557 297 746 350 (Gran),
799 309 877 349 per
914 294 1154 350 potentiam
1198 293 1505 348 yloriosam

31 354 210 409 (Heum.
228 353 403 396 Boelem.
420 355 502 407 al.)
523 354 712 408 aliisque
735 353 863 411 hujus
891 351 1067 405 generis
1092 350 1297 392 formulis
1320 364 1506 392 conver-

30 415 198 452 terunt.
265 408 324 450 Et
350 410 536 465 primum
561 410 736 465 quidem
765 411 841 464 τὴν
863 408 993 458 δόξαν
1011 408 1041 451 i.
1065 422 1108 463 q.
1126 406 1204 462 τὴν
1224 406 1408 460 δύναμιν
1429 406 1504 449 de-

28 469 184 508 notare
203 478 257 506 ex
278 478 330 505 eo
350 467 683 517 concluserunt,
714 465 829 520 quod
848 465 985 507 Lxx
1014 466 1054 508 τὶ·
1085 463 1253 520 passim
1273 467 1351 519 τῆς
1374 461 1506 519 δόξης

27 535 130 566 voce
149 526 483 578 expresserunt.
542 520 668 575 Quae
689 521 1014 575 argumentatio
1038 519 1271 562 claudicat.
1333 518 1444 563 Voc.
1464 523 1506 564 τὶν

27 593 108 636 pro
141 577 208 620 rie
227 578 336 630 vim,
373 577 526 630 robur,
561 578 796 630 potentium
824 581 948 619 notat
967 575 1294 633 respondetque
1314 575 1504 618 vocabu-

24 636 86 678 lis
135 634 290 687 ύναμις
310 637 357 675 et
375 631 518 686 ἰσχύς,
549 633 706 675 deinde
726 634 858 676 etiam
879 649 953 676 res
975 648 1087 690 quae
1106 633 1306 691 potentia
1327 646 1503 690 compa-

24 697 182 735 rantur
207 690 426 743 declarat,
465 690 746 747 majestatem
759 724 771 744 ,
816 691 1024 747 qlore'um,
1078 691 1263 734 asaelem.
1348 688 1502 745 Quare

24 749 162 792 LXX
185 763 319 805 quum
351 747 448 792 Jes.
471 748 540 801 12,
569 749 613 792 2.
651 746 731 792 Ps.
751 748 822 801 29,
853 750 893 791 1.
930 747 1000 799 68,
1031 747 1104 791 35.
1135 749 1176 791 ἰν
1193 744 1326 797 δόξαν
1355 751 1502 790 verte-

22 811 149 859 rent,
177 804 225 848 id
242 806 455 858 fecerunt,
482 819 568 847 nou
588 803 704 862 quod
724 803 832 855 δόξα
850 804 906 846 iis
924 804 1054 847 robur
1072 805 1255 857 valeret,
1285 804 1362 846 sed
1384 803 1502 861 quod

22 863 87 907 ibi
112 865 154 909 τὲ
180 863 348 906 laudem
381 861 614 917 designare
647 867 766 904 recte
794 861 1127 904 intellexissent
1154 861 1232 917 (cf.
1262 859 1340 905 Ps.
1357 861 1399 915 8,
1420 862 1501 916 3.).

23 919 115 964 Sed
141 920 235 974 Jes.
255 920 327 973 45,
344 919 417 964 24.
437 918 573 962 LXX
595 924 824 972 errarunt,
851 921 905 972 τ“;’,
934 918 1131 974 quodibi
1154 922 1275 961 esset
1290 919 1503 974 potentia,

21 978 217 1030 laudem,
255 973 411 1030 δόξαν,
450 976 750 1034 interpretati.
808 976 986 1018 Deinde
1006 975 1084 1030 τὴν
1112 975 1243 1026 δόξαν
1261 976 1502 1031 potentium

20 1033 247 1077 declarare
269 1048 324 1076 ex
345 1034 403 1075 iis
424 1034 458 1077 l.
478 1040 630 1091 patere
650 1038 889 1091 putarunt,
920 1033 996 1075 uhi
1016 1032 1187 1076 Christi
1206 1032 1251 1074 in
1270 1033 1406 1074 vitam
1431 1047 1503 1075 re-

21 1091 196 1134 stitutio
218 1089 306 1135 div.
328 1092 555 1148 potentiae
576 1106 686 1148 opus
705 1090 868 1133 dicitur
890 1093 913 1132 l
927 1090 1030 1134 Cor.
1049 1092 1091 1143 (3,
1117 1089 1188 1133 14.
1217 1089 1360 1134 2Cor.
1375 1089 1444 1142 13,
1454 1090 1501 1133 4.

18 1148 136 1207 Eph.
157 1150 196 1203 1,
218 1148 291 1190 20.
313 1149 370 1192 cl.
392 1148 489 1192 Col.
514 1150 554 1201 l,
577 1151 647 1191 11.
715 1147 800 1190 Hic
821 1148 966 1206 turpis
989 1152 1059 1189 est
1083 1147 1279 1189 locorum
1306 1148 1501 1204 paralle-

17 1206 164 1248 lorum
182 1205 364 1249 abusus.
421 1204 587 1247 Locum
607 1204 789 1247 haberet
808 1205 894 1248 ista
916 1204 1142 1247 conclusio
1156 1237 1167 1257 ,
1197 1204 1238 1246 si
1260 1208 1305 1246 et
1326 1201 1404 1260 τὴν
1425 1200 1500 1245 δό-

19 1261 97 1313 ξαν
122 1262 340 1318 ροΐεηΐίαε
369 1261 664 1316 significatum
699 1262 859 1304 hahere
879 1261 1055 1304 aliunde
1075 1264 1300 1304 constaret
1321 1265 1365 1303 et
1383 1259 1502 1317 quod

18 1319 64 1363 h.
84 1320 117 1363 l.
146 1322 191 1361 et
209 1317 307 1362 Col.
330 1321 370 1372 l,
392 1321 462 1362 11.
490 1321 544 1376 τῇ
571 1316 678 1377 δόξῃ
706 1319 919 1361 tribuitur
941 1334 1027 1361 non
1056 1319 1145 1360 nisi
1167 1319 1385 1375 potentiae
1414 1318 1499 1362 div.

15 1376 158 1418 tribui
177 1379 346 1433 posset.
402 1375 635 1418 Postremo
656 1377 780 1418 illam
801 1376 1142 1433 explicationem
1168 1390 1218 1417 eo
1242 1374 1501 1428 defendunt,

18 1431 138 1490 quod
182 1433 272 1476 Dei
318 1431 532 1489 majestas
580 1434 934 1487 omnipotentiam
982 1434 1207 1474 contineat
1256 1431 1497 1487 (Theman,

16 1490 216 1544 Rueck).
274 1488 412 1531 Recte
433 1488 634 1545 quidem3
664 1489 805 1531 nihilo
826 1490 971 1531 secius
990 1494 1136 1531 tamen
1156 1490 1209 1545 vs
1231 1489 1338 1545 ὂόξη
1367 1503 1416 1530 ac
1445 1488 1500 1547 τῇ

16 1542 201 1600 δυνάμει
231 1559 311 1587 sua
341 1549 489 1588 manet
516 1545 638 1587 notio
661 1550 705 1587 et
723 1550 937 1602 potestaS.
1013 1544 1172 1602 Itaque
1191 1506 1245 1588 ί).
1268 1533 1499 1588 Christum

13 1603 60 1645 in
76 1603 211 1646 vitam
228 1607 478 1646 revocatum
497 1601 607 1644 dicit
627 1600 863 1659 majestate
881 1603 1025 1660 patris
1054 1603 1098 1647 h.
1118 1617 1156 1645 e.
1179 1616 1329 1645 earum
1347 1603 1392 1645 vi
1408 1603 1499 1645 vir-

13 1663 157 1702 tutum
171 1693 183 1714 ,
221 1658 382 1716 quihus
402 1659 530 1702 Deus
553 1659 614 1701 sit
633 1658 759 1702 Deus
784 1664 861 1701 aut
883 1675 1042 1702 numen
1069 1674 1205 1717 supra
1230 1674 1359 1714 quam
1378 1659 1499 1715 cogi-

13 1717 103 1759 tari
125 1720 169 1758 et·
187 1716 389 1759 enarrari
408 1720 559 1774 potest
576 1717 800 1759 excelsum
819 1720 864 1758 et
883 1717 1152 1762 ahsolutum.
1225 1715 1374 1759 Etiam
1393 1716 1422 1761 J
1425 1717 1499 1761 oh.

16 1774 86 1826 11,
104 1773 179 1816 40.
212 1768 238 1830 ἡ
269 1771 378 1824 δόξα
404 1774 485 1816 τοῦ
510 1774 622 1816 θεοῦ
651 1774 740 1816 Dei
763 1773 1043 1828 majestatem
1061 1775 1208 1827 valet,
1257 1788 1371 1830 quae
1393 1789 1497 1816 con-

14 1829 226 1887 spicitur,
266 1830 306 1872 si
335 1845 431 1872 eam
451 1829 578 1872 Deus
602 1831 755 1886 aliquo
782 1844 806 1870 a
829 1830 910 1871 sua
938 1830 1170 1888 majestate
1193 1831 1393 1888 profecto
1414 1830 1496 1872 mi-

11 1887 166 1929 raculo
186 1885 410 1930 nobilitat.
469 1884 514 1928 ἐν
532 1884 759 1942 καινότητι
781 1884 909 1941 ζωῆς]
931 1886 1054 1929 Haec
1073 1886 1127 1930 P.
1149 1902 1205 1929 ex
1225 1887 1495 1929 Hebraismo

12 1958 95 2001 pro
127 1942 171 1986 ἐν
198 1943 326 2002 καινῇ
356 1942 445 2000 ζωῇ
475 1942 715 2000 scripsisse
745 1943 859 1984 male
889 1943 995 1984 olim
1023 1943 1240 1986 creditum
1263 1949 1354 1998 est,
1405 1945 1495 1987 nisi

12 2002 129 2043 forte
161 1999 294 2041 etiam
323 1996 555 2043 Plutarch.
596 1999 695 2043 Vit.
727 1999 950 2044 Themist.
982 2015 1020 2044 c.
1049 2003 1120 2044 10.
1151 1998 1390 2058 χρημάτων
1417 1999 1495 2044 εὖ·

13 2059 181 2115 ρίσκειν
200 2056 382 2112 πλῆθος
401 2053 446 2097 ἐν
463 2059 560 2105 ταῖς
573 2051 843 2106 ἀποσκευαῖς
864 2054 1494 2115 ἀποκεκρυμμένονΗθῦΓεὶθο-

10 2129 110 2157 rum
141 2111 305 2155 idioma
333 2111 534 2154 imitatus
563 2112 678 2154 dixit
702 2127 783 2169 pro
806 2110 1012 2168 χρήματα
1033 2109 1251 2170 εὑρίσκειν
1272 2114 1422 2157 πολλὰ
1437 2141 1491 2147 —-

13 2167 404 2227 ἀποκεκρυμμένα,
437 2174 513 2211 aut
536 2169 690 2213 Cicero
711 2169 764 2212 de
786 2169 918 2214 offic.
937 2171 980 2223 3,
998 2173 1038 2215 1.
1063 2174 1103 2215 l.
1125 2171 1371 2215 imitatione
1391 2177 1492 2215 tan-

11 2233 106 2272 tum
134 2227 296 2282 inyenii
315 2227 636 2281 praestantimn
665 2227 876 2283 consequi
906 2227 1055 2270 subito
1079 2229 1316 2272 Hebraeus
1346 2230 1492 2273 factus

11 2299 94 2342 pro
114 2284 208 2326 tam
224 2287 458 2338 praestans
481 2284 698 2339 inyem'um
716 2285 930 2328 exaravit.
987 2285 1102 2328 Esse
1120 2292 1265 2328 autem
1287 2286 1331 2329 ἒν
1361 2303 1385 2327 κ
1398 2303 1492 2329 αι-

11 2336 212 2396 νότητι
241 2339 355 2394 ζωῆς
383 2353 514 2395 quam
542 2339 587 2382 ἐν
616 2342 743 2397 καινῇ
764 2341 851 2399 ζωῇ
872 2342 1034 2384 fortius
1054 2343 1184 2385 facile
1202 2344 1487 2397 intelligitur.

9 2397 138 2441 Hanc
160 2395 277 2437 enim
296 2396 375 2437 ille
394 2396 607 2453 loquendi
625 2397 780 2440 modus
802 2399 1018 2442 rationem
1038 2400 1185 2454 habet,
1204 2405 1253 2442 ut
1270 2401 1338 2443 rei
1350 2400 1488 2445 Prae-

10 2454 203 2497 dicatum
232 2451 422 2495 maxime
453 2453 739 2511 spectandum
769 2470 868 2498 esse
888 2456 1166 2499 indicaturus
1187 2457 1240 2500 de
1262 2458 1329 2500 rei
1350 2460 1487 2503 Prae-

9 2511 153 2555 dicato
171 2509 236 2564 (h.
254 2511 288 2553 l.
308 2509 362 2551 de
380 2511 569 2553 novitate
586 2512 725 2568 vitae)
754 2513 930 2570 potius,
967 2528 1097 2570 quam
1125 2513 1179 2556 de
1204 2530 1274 2569 re,
1304 2516 1375 2558 cui
1403 2517 1487 2559 ali-

9 2567 128 2625 quod
154 2565 466 2609 Praedicatum
493 2574 713 2625 competat
741 2570 807 2625 (h.
835 2571 869 2614 l.
905 2569 958 2612 de
986 2572 1097 2614 nova
1125 2573 1237 2628 vitri)
1266 2574 1484 2630 loquaris,

7 2625 249 2682 Perperam
279 2624 386 2667 Win.
398 2639 465 2679 gr.
484 2639 528 2681 p.
541 2626 624 2667 190
634 2641 703 2682 sq.
724 2641 836 2682 quae
856 2626 911 2668 ad
931 2643 1060 2671 unam
1080 2628 1348 2687 eandemque
1370 2633 1487 2674 clas-

7 2697 100 2727 sem
117 2683 214 2724 loca
234 2681 458 2739 pertinent
476 2682 523 2723 in
543 2681 630 2724 duo
658 2697 819 2738 genera
840 2682 1009 2728 divisit.
1067 2684 1183 2728 Nam
1203 2693 1359 2731 nostro
1375 2690 1408 2733 l.
1432 2703 1483 2730 ea

4 2737 303 2784 tantummodo
324 2739 356 2783 l.
382 2743 675 2782 consentanea
707 2754 806 2784 esse
827 2739 943 2784 dixit
970 2742 1015 2785 in
1043 2743 1204 2799 quibus
1232 2746 1404 2790 verbum
1423 2744 1480 2788 ad

1545 1604 1614 1649 ᾧ

1544 2379 1617 2435 *N
