1752 3347
429 231 589 277 CAP.
623 231 734 277 111.
768 231 859 276 Vs.
893 231 935 276 5.
967 236 1020 273 et
1048 232 1107 274 6..
1419 234 1499 274 161

24 340 206 385 surdum
230 345 317 394 est,
347 346 390 383 et
409 340 511 398 quia
530 355 569 384 v.
591 339 700 381 κατὰ
717 334 842 394 timp.
863 336 975 395 λέγω
995 337 1173 381 vocibus
1190 338 1249 394 μὴ
1277 336 1449 393 γένοιτο
1469 353 1493 381 a

24 413 142 443 voce.
184 397 285 441 ἐπεὶ
312 399 409 447 πῶς
434 413 512 450 ——3
558 401 759 454 separata
789 399 892 437 sunt
920 398 1038 449 (nam
1066 395 1128 436 sic
1158 395 1238 436 hoe
1267 409 1307 437 v.
1338 393 1492 438 ordine

25 470 134 513 opus
154 469 253 497 esse
282 458 490 512 apparet:
513 481 558 485 ——
600 452 678 510 τὴν
707 448 863 507 ι’)ργήνς
902 451 983 507 Μὴ
1013 452 1196 507 γένοιτο.
1254 449 1382 492 Κατὰ
1413 447 1493 493 {iv-

22 516 212 567 θρωπον
231 509 365 567 λέγω·
399 510 497 553 ἐπεὶ
521 514 614 558 πῶς
632 510 730 559 --;)
769 515 812 550 et
838 509 1041 564 quoniam
1074 508 1292 560 rationes,
1331 508 1492 564 quibus

26 568 79 611 P.
103 569 521 623 argumentationem
540 581 580 609 ν.
602 565 643 608 5.
667 563 893 618 redarguit
915 579 955 608 ν.
976 569 1018 608 G.
1040 591 1094 597 ——
1112 566 1179 617 8.,
1221 569 1310 606 tam
1340 566 1492 607 firmae

25 629 152 678 sunt,
183 629 231 665 ut
248 638 332 664 non
355 623 514 674 suerit,
547 620 663 677 quod
680 635 826 661 earum
848 623 1012 663 veniam
1032 637 1056 663 a
1085 621 1327 666 lectoribus
1356 622 1493 680 impe-

24 684 224 723 traturus
254 679 434 720 humani
462 677 627 731 ingenii
656 676 908 718 tarditatem
933 683 1249 721 antestaretur.
1314 677 1410 721 Imo
1440 677 1493 722 P.

25 737 172 780 verbis
202 734 311 776 κατὰ
339 729 581 789 ἄνθρωπον
608 730 717 786 λέγω
750 747 896 774 vocem
926 732 1104 787 durani,
1151 750 1204 776 ne
1234 734 1373 776 dicam
1413 735 1495 776 iin-

23 794 165 851 piam,
197 789 546 847 qnandoquidem
578 789 703 830 homo
736 789 836 846 pius
858 789 1002 830 Deum
1020 789 1233 845 injuriam
1251 791 1399 848 facere
1425 793 1495 834 vel

21 853 216 908 cogitare
234 852 502 907 flagitiosum
520 849 666 903 ducit,
698 848 865 900 ἄδικος
885 848 908 891 ὃ
937 848 1047 900 θεός
1075 859 1256 895 excusat
1286 855 1328 898 h.
1358 869 1421 898 r.:
1444 881 1493 887 —

23 929 126 956 num
156 912 410 969 injustus
441 916 510 954 est
529 911 655 954 Deus
676 926 838 970 poenas
860 909 1098 967 infligens?
1136 915 1345 969 (hominis
1376 931 1495 959 more

22 970 142 1024 dico,
165 970 249 1026 >qui
269 984 355 1012 non
373 969 483 1011 satis
502 984 676 1028 semper
692 969 838 1012 verbis
858 967 1094 1025 diligenter
1111 972 1309 1013 excussis
1330 979 1497 1026 caveat,

23 1041 78 1070 ne
98 1025 303 1068 indecora
331 1027 376 1068 in
397 1026 544 1068 Deum
573 1027 899 1068 transferantur
930 1027 958 1070 i.
991 1041 1028 1070 e.
1058 1028 1117 1069 sit
1147 1029 1273 1070 venia
1305 1030 1400 1070 voci
1430 1030 1496 1071 ἰη-

19 1082 137 1140 justi
160 1082 213 1126 de
233 1083 331 1125 Deo
352 1083 537 1141 positae,
567 1098 696 1140 quam
719 1084 824 1125 mihi
848 1082 1013 1125 indulsi
1031 1098 1150 1126 more
1169 1085 1380 1138 hominis,
1421 1087 1499 1143 qui

55 1155 180 1182 arum
200 1139 330 1196 digne
350 1155 491 1196 neque
511 1141 623 1182 satis
646 1140 870 1182 subtiliter
890 1139 942 1182 de
965 1140 1062 1182 Deo
1082 1142 1248 1198 passim
1279 1142 1495 1198 loquitur.

23 1155 86 1241 {r-
105 1198 149 1241 G.
192 1195 286 1255 Ap.
306 1197 482 1254 impiam
503 1212 543 1241 v.
564 1197 606 1240 5.
635 1197 1058 1252 argumentationem
1088 1197 1336 1241 detestatus
1363 1214 1404 1243 v.
1435 1198 1496 1254 μὴ

25 1253 219 1310 γένοιτο,
260 1253 418 1295 falsam
440 1267 535 1295 eam
567 1268 667 1296 esse
695 1253 842 1306 docet,
884 1253 961 1296 sed
989 1269 1073 1296 non
1102 1256 1284 1308 directe,
1322 1260 1370 1298 ut
1400 1271 1496 1297 cum

25 1309 306 1370 philosophis
325 1311 510 1366 loquar,
536 1309 580 1354 h.
602 1325 641 1354 e.
663 1311 722 1352 ita
743 1314 791 1351 ut
809 1317 1065 1365 argumenta
1091 1326 1201 1368 quae
1223 1327 1314 1354 eam
1344 1328 1497 1355 errore

26 1367 110 1409 niti
129 1366 362 1409 ostendant
382 1365 561 1421 afferat,
593 1366 671 1409 sed
690 1368 893 1409 indirecte
916 1382 952 1410 S.
975 1371 1201 1422 apaqolqice
1224 1370 1253 1412 i.
1287 1384 1325 1412 c.
1356 1371 1418 1411 sic
1448 1376 1497 1411 ut

28 1423 69 1465 si
85 1436 189 1466 vera
208 1424 268 1465 sit
287 1423 387 1465 tolli
406 1439 495 1466 rem
516 1424 804 1466 certissimam
825 1422 1116 1475 demonstret3
1149 1440 1276 1481 quam
1299 1427 1398 1481 quia
1421 1425 1498 1466 ad-

26 1479 229 1522 dubitare
250 1481 372 1522 nefas
396 1482 456 1523 sit
474 1481 594 1522 illam
616 1495 763 1522 veram
784 1495 866 1521 non
890 1495 987 1522 esse
1008 1480 1212 1535 intelligi.
1274 1481 1323 1524 Si
1348 1482 1396 1526 P.
1427 1497 1499 1523 ar—

28 1536 394 1592 gumentatIonem
424 1551 465 1580 v.
493 1536 534 1579 5.
563 1537 721 1578 directe
751 1537 1008 1592 impugnare
1038 1538 1274 1590 voluisset,
1316 1539 1376 1580 ita
1407 1538 1498 1580 dis-

26 1596 184 1650 putare
223 1594 465 1649 potuisset:
511 1592 617 1633 haec
648 1591 954 1635 ratiocinatio:
990 1594 1029 1633 si
1059 1594 1275 1635 hommum
1300 1596 1499 1649 pravitas

28 1649 116 1692 Dea·
135 1648 412 1691 sanctitatem
429 1648 600 1704 probat,
631 1648 842 1704 injuriam
858 1648 972 1705 facit
991 1649 1112 1690 Deus
1126 1657 1376 1704 peccatores
1396 1665 1497 1704 poe-

28 1706 97 1749 m‘s
108 1719 387 1761 persequens,
417 1705 617 1762 quoniam
639 1706 691 1747 iis
710 1704 824 1746 obesi
845 1705 914 1759 ιμιὶ
934 1705 1016 1760 ipsi
1031 1706 1201 1760 prosint
1220 1721 1270 1748 eo
1299 1707 1498 1750 funditus

30 1763 266 1815 evertitur,
300 1761 417 1818 quod
433 1761 560 1803 Deus
581 1765 757 1803 sancius
776 1764 868 1813 est,
901 1761 975 1817 qui
999 1761 1156 1818 punire
1180 1764 1344 1817 malos,
1370 1779 1499 1821 prae-

31 1818 133 1860 miis
152 1817 326 1860 afficere
347 1820 468 1861 viros
486 1819 622 1860 bonos
641 1831 765 1859 suum
788 1832 885 1859 esse
903 1817 1167 1872 arbitretur,
1197 1835 1281 1861 non
1300 1822 1500 1864 ambitio-

29 1889 102 1917 sus
116 1875 185 1917 sni
203 1873 395 1928 amator,
434 1875 510 1932 qui
531 1874 645 1931 quod
676 1875 797 1915 nefas
828 1874 887 1915 sit
914 1874 1044 1917 beare
1076 1890 1149 1917 cos
1180 1877 1254 1932 qui
1285 1877 1370 1919 sibi
1397 1893 1498 1935 pro-

31 1931 122 1973 sint
138 1929 312 1973 laedere
336 1947 411 1974 eos
432 1932 508 1988 qui
533 1932 627 1973 suis
651 1930 883 1973 commodis
913 1932 1107 1973 officiant
1133 1933 1199 1974 fas
1232 1948 1330 1975 esse
1359 1939 1500 1991 putet.

31 1988 115 2030 Est
140 1992 285 2030 autem
313 1989 598 2046 apagogicum
626 1987 719 2044 Ap.
752 1992 1051 2042 argumentum
1080 1989 1352 2047 hujusmodi:
1390 1992 1500 2032 alio-

34 2044 139 2101 quin
158 2045 276 2100 (scil.
298 2045 337 2086 si
354 2045 482 2087 Deus
503 2045 558 2086 ob
575 2058 750 2085 causam
769 2058 808 2086 v.
829 2044 870 2087 5.
899 2040 1165 2086 enuntiatam
1197 2046 1402 2105 injuriam
1433 2048 1499 2089 fa-

32 2100 122 2143 ciat
139 2100 192 2143 de
209 2100 458 2143 hominibus
478 2101 739 2143 facinorosis
795 2115 926 2142 oenas
956 2101 1156 2158 capiens)
1185 2102 1398 2159 quomodo
1420 2103 1499 2159 jec-

31 2158 121 2199 dex
138 2158 221 2200 erit
238 2160 332 2215 (ηρ.
353 2158 635 2216 praecipuum
659 2172 742 2214 pon
776 2172 826 2198 us
847 2157 890 2199 in
909 2172 949 2202 v.
974 2160 1110 2213 κρινεῖ
1129 2159 1261 2201 situm
1282 2175 1380 2215 esse
1407 2175 1429 2201 e
1458 2175 1500 2203 v.

33 2212 187 2255 ordine
212 2216 512 2269 cognoscitur)
539 2214 686 2256 mundi
710 2214 761 2269 (i.
791 2228 830 2257 e.
858 2212 1134 2269 hominum?
1171 2217 1201 2259 i.
1234 2231 1277 2272 q.
1304 2217 1500 2273 alioquin

29 2267 241 2329 judicium
264 2271 316 2313 de
336 2271 586 2314 hominihus
609 2284 812 2312 exercere
830 2270 955 2312 Deus
980 2286 1063 2313 non
1093 2273 1272 2329 poterit.
1329 2272 1501 2330 Nempe

37 2324 202 2368 idcirco
219 2325 345 2370 Deus
373 2328 572 2372 homines
592 2327 760 2386 judicio
791 2327 1042 2380 submittet,
1081 2333 1129 2370 ut
1158 2329 1396 2386 puniantur
1421 2330 1500 2372 im-

36 2381 189 2440 probi,
213 2385 421 2439 praemiis
441 2389 654 2427 ornentur
682 2383 809 2441 probi
841 2384 896 2427 cf.
916 2384 1017 2438 2‚6:
1043 2399 1128 2441 sq..
1188 2385 1284 2429 Jam
1319 2386 1357 2428 si
1385 2386 1500 2444 inju-

37 2439 148 2481 riam
174 2438 308 2481 faciat
323 2439 448 2483 Deus
476 2456 634 2499 pravos
665 2440 861 2484 homines
892 2441 1099 2498 puniens,
1141 2443 1241 2498 quia
1273 2439 1367 2499 ejus
1399 2457 1501 2484 san-

38 2495 233 2537 ctitatem
264 2495 309 2537 in
337 2497 524 2539 clariore
551 2499 648 2539 luce
676 2497 904 2554 posuerint
932 2497 1170 2554 peccando,
1208 2499 1376 2541 nullum
1403 2514 1501 2542 esse

69 2551 202 2594 oterit
218 2550 307 2593 Dei
323 2551 374 2595 de
395 2554 639 2596 hominihus
651 2553 879 2612 judicium.
936 2554 1048 2594 Nam
1079 2555 1158 2595 hoc
1188 2561 1314 2610 pacto
1338 2556 1502 2614 impro-

37 2567 109 2651 gis
129 2608 401 2662 hominibus,
432 2624 563 2666 quum
584 2625 689 2652 suae
708 2610 929 2668 majestati
952 2611 1274 2665 consuluerint,
1307 2614 1501 2670 praemia

71 2665 314 2718 ersolvere,
340 2666 492 2723 probis
510 2666 642 2719 viris,
674 2681 805 2722 quum
830 2680 933 2707 suae
957 2667 1096 2708 famae
1115 2667 1224 2709 bene
1242 2669 1410 2723 agendo
1436 2672 1502 2712 of-

0 2724 2 2776 }
38 2680 246 2773 fecerint,
280 2722 682 2779 poenasimponere
703 2721 881 2772 debeat,
911 2736 1040 2777 quum
1058 2722 1216 2781 judicii
1245 2724 1331 2769 div.
1364 2728 1501 2769 ratio-

41 2792 118 2820 nes
146 2780 412 2821 cont'rarium
439 2793 617 2836 poscere
644 2782 830 2821 constet.
898 2777 1056 2834 ltaque
1086 2780 1249 2823 absona
1276 2788 1343 2825 est
1372 2798 1502 2839 argu·

42 2834 247 2876 mentatio
266 2849 306 2879 v.
327 2834 394 2888 5.,
428 2836 631 2892 quoniam
653 2849 704 2877 ex
728 2834 777 2875 eii
807 2835 1056 2876 necessario
1083 2838 1283 2893 sequitur
1311 2839 1501 2882 absurda

44 2891 282 2943 sententia,
309 2892 402 2934 fore
422 2898 469 2934 ut
489 2892 657 2934 nullum
679 2890 804 2933 Deus
829 2890 882 2934 de
914 2892 1160 2935 hominibus
1184 2895 1397 2952 judicium
1426 2897 1502 2938 ha-

92 2947 278 2983 Fri‘tzsclze
297 2948 360 2995 Ep.
380 2950 434 2984 ad.
456 2949 562 2985 Rom.
1023 2948 1060 2990 L
