1752 3347
444 179 601 226 GAP.
633 179 732 226 lv.
764 179 858 225 Vs.
891 181 971 226 11.
1002 185 1057 223 ct
1090 179 1185 226 12..
1466 177 1553 249 223

75 289 286 348 ριτομήν,
318 287 435 346 quod
454 290 568 331 male
587 288 722 344 Beraq,
746 286 791 331 'et
814 288 980 332 Griesb.
1003 283 1375 330 commendarunt.
1434 282 1552 327 Nam

79 341 345 403 περιτομήν,
377 346 466 388 nisi
495 346 652 404 copula
675 345 913 388 accesserit
937 343 1206 402 (περιτομὴν
1235 343 1329 385 καὶ
1359 344 1554 399 σφραγῖ-

79 405 180 458 δα),
211 404 321 446 ferri
349 404 480 461 plane
507 402 677 459 nequit.
746 401 878 459 Quod
908 406 1026 445 recte
1056 400 1294 444 nonnullos
1325 399 1431 442 olim
1453 412 1554 441 sen-

79 459 194 503 sisse
243 460 466 504 variantes
515 460 729 502 lectiones
769 458 1022 503 ostendunt.
1094 457 1198 515 Syr.
1228 483 1279 488 -—
1311 451 1555 512 περιτομήν

82 519 175 560 καὶ
205 517 443 573 σφραγῖδα.
471 520 477 570 Ι
505 516 585 560 Mt.
606 516 648 558 3.
670 516 714 560 8.
741 518 815 557 καὶ
841 519 1022 571 σημεῖον
1041 513 1175 568 ἔλαβε
1206 515 1299 556 καὶ
1328 511 1554 569 σφραγῖδα

81 591 118 617 κ.
145 589 185 616 τ.
216 573 255 614 λ.
291 578 298 627 1
333 572 416 615 Mt.
446 571 490 615 d.
521 589 560 613 κ.
594 586 633 613 σ,
665 569 701 612 ἔ.
730 573 977 628 περιτομῆς
1005 574 1099 614 καί
1124 571 1363 628 σφραγῖδα.
1423 566 1556 624 Quod

0 623 3 654 ³
82 642 345 688 quamquam
366 631 512 684 aptam
533 627 796 669 sententiam
815 628 1021 684 praebet,
1050 628 1138 670 nis¹
1160 626 1276 684 quod
1296 627 1391 668 loco
1414 627 1559 668 alieno

81 685 321 729 orationem
347 682 557 739 grandem
576 682 724 725 reddit
740 685 817 741 (et
843 689 990 726 notam
1011 685 1180 742 accepit
1207 681 1557 726 circumcisionis

80 747 125 785 et
151 743 246 799 [ηρ.
275 741 357 784 hac
389 739 740 783 circumcisionis
768 741 891 794 nota]
936 741 1097 797 pignus
1126 739 1402 796 integritatis
1435 740 1559 792 εἴα),

81 803 226 841 tamen
253 813 277 840 e
307 797 489 854 vulgata
517 797 709 840 lectione
739 802 785 840 et
805 796 912 853 Syri
939 797 1163 854 scriptura
1185 797 1457 840 commistum
1474 799 1560 837 est.

83 854 234 911 Quane
254 854 453 908 Griesb„
495 868 550 897 ne
582 855 744 898 vitiosa
773 858 894 896 esset
925 856 1091 907 oratio,
1122 855 1196 896 καὶ
1226 856 1405 908 σημεῖον
1426 849 1559 904 ἔλαβε

83 910 400 967 περιτομὴν
427 912 519 953 καὶ
549 912 776 968 σφραγῖδα
806 928 844 953 κ.
863 926 901 952 τ.
925 911 964 952 λ,
991 913 1057 967 (et
1083 910 1458 952 circumcisionem
1488 922 1560 950 ac-

83 970 201 1027 cepit
220 969 388 1024 siynum
408 972 451 1010 et
469 968 622 1024 piymcs
640 969 908 1024 inteyritate's
926 969 1033 1023 etc.)
1061 966 1363 1009 commendare
1394 966 1558 1008 debue-

82 1031 171 1070 rat.
227 1025 296 1068 At
323 1025 429 1068 haec
451 1025 593 1068 oratio
621 1029 710 1067 tam
744 1025 878 1083 plana
907 1029 952 1067 et
972 1025 1162 1083 simplex
1182 1028 1274 1077 est,
1303 1028 1350 1065 ut
1372 1038 1425 1065 ne
1447 1035 1563 1065 unus

84 1082 261 1140 quidem
280 1082 494 1125 librarius
517 1082 783 1140 scripturam
801 1082 1048 1137 vulgatam,
1078 1096 1189 1139 quae
1206 1082 1251 1123 in
1270 1081 1482 1137 plerisque
1506 1078 1563 1120 li-

85 1140 181 1182 bris
202 1144 285 1193 est,
314 1140 360 1182 in
379 1137 476 1198 ejus
498 1140 643 1182 locum
665 1139 990 1183 substituturus
1012 1139 1153 1182 fuisse
1173 1137 1392 1182 videatur.
1447 1135 1565 1178 Hinc

86 1198 291 1253 vulgatae
318 1197 501 1239 lectioni
539 1198 792 1254 patrocinor
833 1201 965 1253 atque
995 1197 1059 1239 ita
1092 1196 1325 1248 existimo,
1373 1193 1565 1251 primum

87 1250 337 1311 περιτομήν
367 1256 468 1312 (pro
487 1254 754 1310 περιτομῆς)
785 1259 862 1296 aut
887 1259 1052 1296 temere
1074 1253 1310 1295 nonnullos
1338 1250 1566 1302 librarios,

89 1325 223 1367 quum
240 1309 546 1362 dormitarent,
566 1310 1098 1365 exarasse,²Accusativis
1120 1311 1196 1367 qui
1218 1310 1265 1351 in
1282 1308 1443 1352 vicinia
1463 1312 1568 1349 sunt

90 1369 317 1423 (σημεῖον,
349 1368 597 1425 σφραγῖδα)
615 1366 849 1426 deceptos,
878 1371 956 1409 aut
986 1382 1008 1409 e
1030 1367 1250 1422 margine,
1279 1366 1358 1408 ubi
1387 1364 1568 1421 σημεῖον

89 1425 338 1480 περιτομῆς
364 1440 444 1483 per
472 1424 753 1482 periphrasin
782 1424 897 1467 idem
925 1425 1020 1466 fere
1049 1439 1149 1466 esse
1177 1422 1296 1480 quod
1323 1416 1568 1476 περιτομήν

90 1481 239 1523 nescio
269 1482 347 1537 qui
376 1487 688 1534 annotassent,
730 1481 778 1524 in
806 1495 848 1525 v.
877 1480 1074 1523 ordinem
1104 1480 1368 1537 irrepsisse,
1405 1475 1567 1519 deinde

90 1541 296 1595 suscepto
315 1551 357 1582 v.
376 1535 624 1595 περιτομήν
644 1538 760 1579 alios
790 1539 1014 1594 copulam,
1045 1539 1131 1594 qua
1155 1551 1266 1593 opus
1287 1539 1423 1587 esset,
1456 1533 1568 1575 libe-

90 1595 250 1636 raliter
283 1593 500 1654 adjecisse
534 1594 619 1651 (ita
648 1592 840 1650 Syrus),
884 1594 1002 1635 salios
1041 1595 1262 1649 vulgatam
1300 1592 1568 1647 scripturam

91 1664 187 1693 curn
215 1650 324 1708 Syri
354 1652 545 1694 lectione
584 1650 837 1693 confudisse
873 1649 978 1707 (Mt.
1008 1648 1095 1706 d.),
1142 1649 1257 1692 alios
1295 1647 1570 1702 vocabulum,

93 1706 212 1765 quod
232 1708 399 1751 incerta
419 1708 561 1751 forma
581 1706 627 1750 in
645 1706 750 1752 Cdc.
771 1707 938 1769 jactari
963 1706 1181 1749 vidissent
1207 1703 1494 1764 (περιτομῆς
1516 1728 1569 1735 -

93 1762 382 1821 περιτομήν)
413 1765 563 1809 addita
583 1765 739 1823 copula
764 1765 968 1809 omisisse
996 1763 1102 1820 (Me.
1126 1764 1170 1808 3.
1190 1764 1274 1820 8.).
1333 1762 1386 1805 F.
1411 1759 1467 1804 G.
1496 1759 1571 1802 καὶ

93 1823 277 1877 σημεῖον
299 1822 364 1866 ἔλ.
390 1823 638 1880 περιτομῆς
666 1823 891 1878 σφραγῖδα
918 1822 946 1863 ὁ
958 1820 1015 1863 ιὰ
1044 1826 1123 1877 τῆς
1143 1821 1227 1863 δικ.
1251 1837 1288 1862 κ.
1309 1835 1347 1861 τ.
1368 1814 1401 1860 ἓ.
1431 1816 1571 1860 conti-

77 1891 198 1930 ·nere
215 1878 439 1924 dicuntur.
497 1878 630 1923 Unde
654 1879 998 1936 interpolatores
1025 1879 1106 1920 hoc
1135 1892 1193 1921 m.
1214 1892 1255 1921 v.
1284 1876 1572 1932 copularunt:

92 1937 169 1978 καὶ
204 1941 525 1994 περιτομῆς
562 1936 856 1991 σφραγῖδα
898 1935 1061 1991 (Targ.
1101 1933 1228 1978 Cant.
1259 1933 1311 1985 3,
1339 1933 1384 1976 8.
1423 1943 1570 1975 Πηῆτπτ

94 1991 202 2036 abun
229 1992 419 2048 siyz'llum
449 1992 804 2047 circumcisionis)
843 1987 976 2044 ἔλαβε
1011 1994 1192 2045 σημεῖον
1235 1990 1261 2031 ὁ
1271 1987 1324 2031 ιὰ
1361 1989 1439 2043 τῆς
1483 1988 1570 2029 δικ.

95 2064 133 2090 κ.
153 2063 193 2089 τ.
215 2048 254 2089 λ.
276 2052 341 2100 (et
357 2048 703 2091 circumcisionis
724 2047 925 2105 sigillum
948 2048 1066 2104 signi
1086 2048 1183 2089 loco
1204 2045 1373 2103 accepit
1399 2059 1445 2087 eo
1464 2043 1575 2101 quod

96 2104 398 2160 integritatem
446 2106 752 2163 praeputiatus
790 2104 848 2147 ob
881 2103 1011 2147 fidem
1049 2109 1166 2147 esset
1204 2103 1437 2161 adeptus),
1483 2100 1573 2142 nisi

12 2203 15 2209 <
96 2160 214 2211 forte
245 2161 336 2203 διὰ
365 2162 590 2229 σφραγῖδα
615 2162 683 2204 illi
702 2162 896 2204 scribere
914 2163 1169 2204 voluerant:
1199 2166 1243 2203 ct
1274 2165 1422 2201 notam
1450 2172 1572 2199 acce-

131 2217 167 2260 it
193 2217 541 2262 circumcisionis
568 2219 768 2276 pignoris
797 2219 926 2260 causa
956 2219 1000 2262 h.
1026 2233 1065 2262 e.
1095 2222 1144 2260 ut
1163 2222 1273 2260 esset
1293 2217 1450 2272 piqmcs
1470 2219 1572 2258 etc..

101 2290 148 2317 εν
176 2290 201 2316 τ
209 2275 238 2332 ᾗ
267 2270 436 2332 ἆκροβ]
467 2276 618 2319 Artic.
648 2290 731 2319 om.
753 2275 813 2318 D.
834 2275 886 2318 F.
912 2275 966 2319 G.
991 2273 1073 2318 Mt.
1097 2276 1140 2318 b.
1174 2289 1212 2317 c.
1238 2290 1276 2317 e.
1297 2274 1380 2325 aL,
1409 2270 1573 2328 quibus

100 2332 247 2374 fucum
273 2331 438 2374 fecerat
466 2348 506 2378 V.
535 2334 630 2384 10„
659 2333 732 2376 uhi
760 2333 824 2375 bis
850 2337 919 2374 est
948 2331 992 2374 ἐν
1017 2329 1302 2388 ἀκροβυστίᾳ.
1360 2327 1573 2384 Plerique

102 2388 394 2445 explicatores
421 2386 487 2439 εἰς
519 2388 573 2431 de
606 2394 763 2432 eventu
788 2393 967 2432 sumunt
994 2390 1080 2444 (ita
1113 2394 1158 2430 nt
1189 2388 1285 2441 sit).
1352 2386 1424 2429 Ac
1451 2390 1575 2427 recte

103 2459 206 2488 sane
237 2443 291 2489 P.
319 2460 374 2488 ex
402 2461 480 2499 eo,
510 2445 626 2503 quod
648 2447 825 2490 Abrah.
855 2446 1044 2504 praecisi
1072 2443 1296 2502 praeputii
1324 2442 1573 2484 cicatricem

102 2501 375 2558 integritatis
404 2503 564 2560 pignus
591 2504 860 2562 accepisset,
893 2518 1019 2560 quam
1037 2506 1216 2558 propter
1231 2499 1360 2554 fidem
1379 2514 1571 2557 praepu-

101 2559 242 2602 tiatus
276 2559 565 2614 obtinuisset,
601 2575 699 2603 esse
716 2560 976 2604 Abrahamo
1008 2564 1052 2601 et
1078 2556 1163 2612 fide
1183 2557 1425 2611 conspicuos
1441 2571 1573 2613 prae-

101 2616 293 2672 putiatos
319 2620 365 2658 et
386 2615 472 2670 fide
498 2617 678 2660 imbutos
698 2619 882 2660 ,ludaeos
911 2616 1125 2658 familiam
1153 2613 1425 2669 collegisset.
1481 2610 1573 2657 Sed

103 2672 294 2727 rectius,
324 2674 505 2731 opinor,
533 2688 635 2716 voce
657 2672 722 2722 εἷς
738 2674 868 2715 finem
886 2672 1076 2714 indicari
1098 2685 1291 2725 censeaS,
1321 2685 1454 2727 quum
1474 2670 1571 2725 Ap.

104 2730 181 2773 hic
208 2728 256 2771 id
284 2736 408 2786 agat,
443 2733 493 2771 ut
519 2745 605 2772 non
633 2735 797 2772 temere
828 2728 907 2770 sed
932 2731 1156 2787 sapienter
1186 2727 1445 2771 Abrahamo
1486 2727 1572 2767 cir-

105 2786 385 2830 cumcisionis
408 2786 540 2829 ritum
561 2786 772 2829 divinitus
790 2786 1049 2843 imperatum
1070 2799 1168 2828 esse
1193 2789 1389 2840 emergat
1414 2786 1476 2840 (v.
1497 2796 1571 2823 su-

106 2848 231 2900 pra):
274 2848 319 2887 et-
335 2844 524 2902 praecisi
540 2843 764 2901 praeputii
786 2848 931 2886 notam
949 2842 1098 2900 (olim)
1119 2841 1247 2886 duxit
1264 2841 1441 2887 Abrah.
1459 2840 1573 2882 inte-
