1752 3347
101 51 134 79 .
504 101 660 146 ΟΑΡ.
698 99 779 144 Vl.
834 100 871 142 V
888 116 924 144 s.
957 100 1044 144 21..
1421 96 1507 139 425

10 210 14 261 j
38 208 232 251 tionibus
255 208 510 252 obruerunt.
541 234 594 240 —-
643 207 903 250 Rectissime
927 206 1090 259 Chrys„
1119 205 1234 256 Orc„
1261 203 1338 255 Ji„
1369 202 1508 256 Vulgi„

38 266 185 317 Beza,
223 266 374 315 Grot„
408 265 570 320 Benq„
657 265 792 315 'eta-t„
830 262 1057 315 Rosciam„
1095 260 1270 304 Boelem.
1306 264 1351 302 et
1382 259 1508 301 multi

38 321 118 363 alii
136 320 282 363 verbis
300 319 397 361 τίνα
423 315 498 362 οὖν
517 347 569 352 —-
594 318 942 372 encuuxe'mem‘steg
991 333 1118 360 uuam
1148 317 1410 358 sententiam
1440 317 1508 357 in-

12 423 13 426 *
36 378 368 433 ίεννοριιίίυιιπη,
406 377 462 418 ad
486 393 614 433 quam
635 377 858 419 vocabulis
890 377 940 417 τὸ
961 372 1041 431 γάρ
1064 376 1191 422 τέλος
1219 371 1395 415 ἐκείνων
1415 370 1511 414 θὼ-

38 447 168 483 ravos
208 432 550 489 respondeatur,
601 436 746 476 inesse
780 438 1061 476 censuerunt.
1142 429 1341 484 Quorum
1373 431 1510 472 inter-

39 490 230 548 pretatio
259 504 313 531 ne
342 491 526 547 posthac
546 490 832 546 addubitetur
864 490 1013 545 paullo
1042 487 1292 529 accuratius
1310 486 1416 528 mihi
1436 487 1511 527 tir-

38 545 195 589 manda
216 550 300 590 est.
357 546 528 603 Nempe
557 547 635 588 οὐν
662 545 714 586 ad
746 545 998 601 primariam
1021 560 1136 596 rem,
1177 544 1220 586 11.
1240 557 1279 586 9.
1299 542 1354 583 ad
1375 557 1415 586 v.
1443 545 1511 587 17.

35 619 74 656 χ.
96 603 136 646 ὁ.
153 617 191 646 τ.
212 606 284 654 «9.,
315 597 479 658 ὅτίῆτε
501 603 655 644 δοῦλοι
673 602 752 657 τῆς
765 600 859 654 ‘Apu
881 618 917 642 κ.
939 617 976 643 τ.
1002 597 1059 653 ὲ,
1098 615 1144 642 se
1166 600 1421 657 recipientis
1442 604 1512 642 est

38 660 102 715 (v.
120 664 212 704 nota
233 659 288 701 ad
305 658 446 704 Marc.
483 674 527 716 p.
558 660 691 713 110.).
751 657 993 714 Postquam
1025 657 1138 700 enim
1158 658 1251 714 Ap.
1278 657 1512 699 formulam

13 733 15 775 ξ
40 730 81 761 v.
103 717 172 761 19.
208 712 492 771 ἐδουλώθητε
518 718 571 773 τῇ
594 711 891 771 .Ἰικαιοσύνῃ,
930 729 982 764 119
1015 729 1142 756 secus
1169 714 1512 767 intelligeretur,

39 778 85 816 et
110 773 338 815 excusavit
366 778 411 814 et
439 772 684 815 illustravit
715 786 754 814 v.
780 772 846 816 19.
864 772 960 821 20.,
999 771 1052 813 ad
1080 786 1171 814 rem
1202 773 1441 813 revertitur
1467 771 1513 814 11.

11 862 14 866 .
40 843 122 873 m.:
155 844 385 886 quemnam
404 831 535 885 iqitur
553 831 618 885 (h.
639 843 680 872 e.
703 832 752 870 ut
774 829 1047 884 loquutiouis
1068 843 1107 871 v.
1132 830 1198 870 18.
1229 825 1513 883 ἐδουλώθητε

12 886 14 930 Ῐ
40 901 80 930 τ.
101 886 158 930 Α.
177 886 348 928 ratione
368 886 542 929 reddita
563 886 620 929 ad
639 900 730 928 rem
749 900 816 928 me
833 887 1051 939 revocem)
1075 885 1263 927 fructum
1286 884 1516 927 habebatis

40 946 134 985 tum
153 943 275 997 (scil.
294 958 427 999 quum
449 942 625 986 Peccati
645 943 806 985 essetis
828 942 1043 997 ministri)
1061 957 1110 984 ex
1138 942 1194 982 iis
1215 940 1371 994 rebus,
1407 955 1515 997 qua-

42 1013 139 1052 rum
160 1013 275 1055 nunc
296 1013 373 1041 vos
395 999 562 1058 pudet?
599 1000 779 1043 Nullum.
800 1014 918 1043 vero.
956 998 1071 1041 Nam
1093 1004 1194 1042 etc..
1251 995 1369 1052 Γάρ,
1399 998 1518 1054 quod

42 1069 123 1113 pro
151 1050 228 1099 οὖν
255 1055 417 1112 Chrys.
446 1059 598 1111 (etiam
629 1058 673 1100 in
699 1056 782 1100 Mt.
804 1057 847 1101 3.
866 1057 933 1110 8.)
962 1061 1007 1097 et
1027 1054 1228 1098 nonnulli
1250 1053 1426 1104 Latini,
1467 1061 1518 1099 ut

43 1112 292 1168 Augustin.
321 1115 383 1168 (V.
403 1113 650 1169 Sabatier.)
678 1113 867 1156 offerunt
888 1114 1055 1164 nullius
1084 1113 1226 1167 frugis
1256 1115 1339 1155 est.
1400 1111 1517 1155 Stri-

41 1168 228 1225 bliginis
245 1169 360 1212 ratio
380 1171 630 1216 manifesta.
687 1167 922 1214 Praecedit
950 1171 1062 1212 enim
1092 1165 1174 1225 γάρ
1206 1183 1247 1212 v.
1267 1169 1339 1212 20.
1370 1173 1414 1210 et
1441 1185 1520 1211 se·—

45 1227 198 1326 (sslitur
215 1241 258 1271 v.
274 1228 366 1271 21..
424 1227 729 1271 Nihilominus
748 1224 831 1285 γάρ
851 1227 1054 1284 probavit
1072 1225 1195 1269 Mill.
1214 1223 1340 1270 Prol.
1363 1226 1517 1280 §.882

94 1282 222 1326 einde
242 1283 349 1326 hene
376 1284 509 1327 hahet
538 1284 808 1328 constructio
835 1282 933 1326 τίνα
962 1281 1040 1325 οὖν
1061 1281 1233 1339 καρπὸν
1255 1280 1391 1334 εἴχετε
1417 1280 1520 1326 τότε
1585 1302 1611 1310 a

45 1339 167 1395 (scil.
189 1339 244 1392 ἐξ
262 1339 534 1392 ἐκείνων),
565 1338 632 1398 ἐφ’
656 1336 722 1390 οἷς
740 1342 814 1382 νῦν
835 1338 930 1392 ἕως
960 1340 1144 1395 (Luc-6,
1164 1339 1239 1383 34.
1267 1339 1398 1384 Rom.
1416 1341 1458 1393 7,
1473 1342 1520 1385 6.

47 1397 118 1449 10,
148 1399 220 1442 14.
252 1399 320 1450 16,
348 1398 393 1442 2.
433 1401 457 1440 l
477 1398 580 1442 Cor.
604 1400 672 1452 10,
699 1399 815 1452 30.),
854 1396 971 1454 quod
998 1397 1072 1453 qui
1099 1397 1276 1451 negavit
1302 1396 1524 1449 Reicln‘us,

47 1455 254 1511 quoniam
290 1455 500 1498 omissum
532 1455 778 1499 Pronomen
810 1454 1193 1497 demonstrativum
1221 1453 1268 1498 11.
1294 1453 1329 1498 l.
1358 1467 1382 1494 a
1409 1454 1522 1496 Sab-

43 1511 234 1566 qtantivo
251 1517 506 1568 regeretur,
544 1528 641 1555 eum
661 1525 816 1555 vereor
843 1516 893 1553 ut
911 1511 1174 1565 intelligam.
1226 1509 1385 1565 Neque
1407 1512 1523 1554 enim

46 1563 98 1618 ἒξ
113 1565 290 1611 ἐκείνων
310 1584 334 1611 a
356 1568 646 1612 Substantivo
665 1566 836 1624 καρπόν
855 1566 1083 1621 funditur,
1114 1566 1216 1620 sed,
1257 1582 1389 1623 quum
1411 1569 1525 1610 inte-

12 1630 13 1634 ’
47 1637 132 1678 gra·
146 1625 335 1668 formula
358 1626 419 1669 sit
436 1626 608 1682 καρπὸν
635 1624 748 1679 ἔχειν
768 1622 816 1666 ἔκ
841 1639 984 1677 τινος,
1021 1639 1045 1665 a
1074 1623 1333 1679 loquutione
1352 1624 1526 1679 καρπὸν

11 1698 13 1704 ’
47 1681 173 1734 Siccam
232 1681 350 1725 Tum
368 1684 516 1728 verbis
542 1684 640 1726 τίνα
661 1707 715 1712 —-—
734 1678 1083 1732 ἐπαισχύνεσθες.
1123 1695 1252 1722 unam
1275 1682 1525 1735 negativam

45 1740 420 1796 percontationem
445 1740 665 1783 contineri
695 1738 832 1779 multa
858 1736 1106 1778 clarissime
1137 1736 1356 1789 indicant3
1384 1739 1527 1794 primo

11 1801 14 1808 ’
46 1790 150 1836 τότε
165 1799 213 1837 et
230 1797 304 1836 νῦν
319 1797 377 1836 ad
398 1811 446 1836 se
462 1797 646 1837 invicem
666 1795 831 1843 relata,
869 1791 1026 1833 deinde
1053 1791 1254 1845 ἐκείνων,
1294 1808 1380 1849 quo
1403 1794 1460 1836 ad
1479 1794 1528 1845 ἐξ

49 1846 251 1902 ἐκείνων,
280 1851 415 1892 verba
435 1849 705 1907 supplenda,
734 1848 902 1902 digitus
924 1848 1191 1902 intenditur,
1219 1854 1312 1890 tum
1341 1848 1392 1892 τὸ
1423 1849 1526 1907 γὰρ

49 1903 178 1956 τέλος
195 1904 370 1949 ἐκείνων
391 1904 610 1963 θάναρος,
643 1919 776 1962 quum
796 1905 949 1946 vocula
972 1901 1055 1960 γάρ
1076 1905 1288 1947 firmando
1310 1921 1527 1964 responso

49 1961 290 2007 inserviat:
327 1962 455 2004 τίνα
480 1964 557 2005 οὐν
577 1961 747 2018 καρπὸν
765 1986 820 1992 -
839 1959 1189 2014 ἐπαισχύνεσῧες
1219 1960 1401 2014 (οὐδένα
1421 1980 1529 2020 καρ-

50 2016 176 2076 πόν)·
206 2018 258 2062 τὸ
281 2018 378 2076 γὰρ
400 2020 542 2063 κ.τ.λ.
563 2019 642 2075 (cf.
660 2019 704 2071 4,
725 2019 767 2062 l.
784 2018 864 2072 2.)‚
887 2024 1110 2075 postremo
1129 2019 1370 2061 membrum
1392 2035 1529 2078 oppo-

53 2087 188 2130 situm
215 2102 258 2132 v.
277 2088 350 2131 22.
372 2088 464 2129 νυνὶ
483 2087 532 2130 δὲ
557 2112 612 2118 -
648 2085 804 2139 ἔχετε
841 2084 934 2127 τὸν
963 2078 1202 2141 καρπὸν
1241 2077 1419 2140 ὑμῶν
1463 2088 1530 2140 εἷς

52 2139 273 2201 ἁγιασμόν
282 2176 295 2196 ,
323 2142 443 2201 quod
462 2148 511 2186 ut
530 2143 640 2186 hene
661 2148 960 2199 comparatum
981 2143 1064 2196 sit,
1101 2158 1235 2185 versu
1255 2144 1328 2189 21.
1355 2146 1434 2188 hoc
1460 2145 1529 2188 di-

54 2206 182 2245 catur
201 2216 383 2245 necesse
402 2206 494 2243 est:
530 2201 694 2243 nullum
713 2201 817 2241 olim
838 2200 1059 2242 Romanos
1080 2215 1131 2242 ex
1154 2201 1429 2258 turpitudine
1452 2203 1529 2245 ha-

53 2258 208 2315 huisse
228 2259 586 2302 emolumentum.
644 2257 848 2313 Denique
877 2258 1040 2314 optime
1068 2264 1316 2314 comparata
1336 2264 1405 2301 est
1428 2275 1530 2302 sen-

54 2315 221 2360 tentia:
257 2314 473 2373 quodnam
502 2315 634 2371 iyz'tnr
659 2316 725 2371 (ut
751 2313 866 2355 unde
893 2315 1116 2371 profectus
1148 2330 1242 2356 sum
1272 2330 1322 2357 eo
1353 2316 1530 2360 redeam

55 2388 98 2417 v.
121 2374 192 2417 17.
213 2373 306 2428 18.)
333 2373 673 2415 emolumentum
702 2373 763 2426 (l,
785 2371 876 2424 13.)
899 2371 1130 2413 habebatis
1153 2377 1244 2414 tum
1272 2375 1370 2430 (up.
1394 2389 1528 2430 quum

55 2428 245 2472 Peccato
271 2430 502 2472 serviretis
521 2443 561 2472 v.
585 2429 675 2482 17.)
704 2443 754 2469 ex
777 2427 833 2469 iis
855 2428 989 2470 rebus
1018 2428 1245 2483 (dicuntur
1273 2445 1405 2486 prava
1436 2436 1529 2473 stu-

56 2486 130 2540 dia
153 2491 197 2529 et
216 2487 329 2528 male
349 2487 511 2541 facta),
550 2500 733 2541 quarum
763 2499 872 2526 rumc
898 2485 995 2536 (uhi
1018 2491 1183 2527 mutato
1213 2486 1318 2529 hero
1341 2489 1532 2545 resipui-

60 2544 167 2598 stis)
186 2543 312 2585 vobis
333 2542 475 2601 pudor
507 2538 607 2585 est?
647 2542 842 2585 Nullum.
902 2541 1016 2583 Nam
1045 2544 1150 2583 illae
1174 2557 1246 2584 res
1278 2544 1322 2584 in
1352 2551 1531 2587 mortem

59 2605 224 2643 exeunt
242 2601 308 2655 (in
331 2600 415 2656 quii
436 2615 585 2651 nemo,
616 2599 702 2640 nisi
724 2599 926 2650 insanus,
956 2600 1292 2642 emolumentum
1323 2616 1531 2658 reposue-

59 2658 156 2711 rit).
221 2656 353 2699 Nunc
381 2662 526 2699 autem
564 2660 634 2710 (ut
663 2656 870 2696 excusata
900 2656 1156 2711 loquutione
1182 2656 1321 2700 denuo
1356 2660 1478 2708 utar)
1507 2675 1532 2700 a

60 2713 249 2758 Peccato
280 2713 490 2756 vindicati
519 2713 563 2754 in
586 2713 674 2754 Dei
698 2718 842 2753 autem
874 2714 1101 2755 servitium
1128 2712 1249 2756 ducti
1280 2716 1356 2765 (cf.
1378 2731 1420 2759 1.
1443 2722 1535 2770 15.)

63 2771 234 2815 habetis
254 2772 591 2814 emolumentum
618 2774 809 2813 vestrum
834 2770 883 2825 (1.
899 2784 939 2813 c.
964 2769 1079 2827 quod
1100 2771 1243 2825 vohis,
1274 2772 1360 2815 Dei
1380 2774 1536 2820 servis,

1580 2204 1645 2244 RN

1600 2390 1658 2443 ΧΧ
