1752 3347
183 158 271 204 222
468 157 845 202 EPISTOLA
887 159 989 201 AD
1019 159 1381 208 ROMANOS

181 282 281 312 acce
314 266 350 309 it
365 266 744 310 ce‘rcumce'se'onem.
765 265 889 319 (sic).
947 264 1136 308 Frustra
1154 266 1352 319 fuerunt,
1383 270 1460 324 qui
1477 275 1526 312 ut
1547 271 1659 314 hunc

180 326 214 368 1.
232 280 514 366 ilssxstrarent
540 322 702 366 Genes.
726 324 803 375 17,
824 323 894 365 11.
918 327 1253 381 compararunt,
1281 323 1358 366 ubi
1384 326 1659 371 circumcisio

183 391 287 436 ³³72
300 384 396 439 ‘niort
427 381 459 424 i.
484 395 524 425 e.
553 377 772 432 foederis,
810 393 896 436 quo
922 379 1121 424 Jehovah
1148 394 1245 422 cum
1265 380 1442 426 Abx-ah.
1476 382 1659 442 ejusque

214 434 375 481 osteris
392 437 500 480 fecit
526 437 700 492 signum
731 436 1000 494 appellatur.
1057 436 1222 481 Eadem
1253 438 1368 480 ratio
1399 445 1469 481 est
1496 443 1528 484 1.
1558 442 1661 483 rab-

212 495 426 538 inicorum
464 492 609 535 Sohar
640 493 802 537 Genes.
840 493 923 546 41,
954 495 1056 539 161.
1112 494 1271 539 Jalkut
1297 492 1473 538 Rubeni
1509 498 1588 551 65,
1613 498 1660 542 4.

179 553 290 605 170,
314 551 385 604 3.,
426 565 538 607 quac
569 551 788 606 Schoetty.
822 549 876 592 ad
905 551 951 596 h.
977 552 1010 596 l.
1040 552 1208 596 attulit.
1277 553 1564 597 Manifestum
1590 560 1661 598 est

179 609 322 662 enim,
351 621 380 650 σ
409 610 534 661 μεῖον
563 607 607 652 h.
628 608 660 652 l.
684 613 832 650 notam
868 623 991 663 esse,
1023 610 1109 666 qua
1130 609 1381 654 Abrahami
1411 611 1662 654 circumcisi

176 680 338 724 corpus
359 679 383 707 a
437 679 587 707 eorum
607 664 789 722 quinon
819 671 969 709 essent
996 662 1271 709 circumsecti
1303 669 1564 725 corporibus
1592 667 1661 711 di-

177 724 510 780 stingueretur,
546 721 592 766 h.
624 737 666 767 e.
698 723 962 768 cicatricem.
1035 724 1221 768 Rectius
1251 725 1468 782 Scleoetiy.
1507 726 1661 770 citavit

175 781 257 826 lih.
283 780 415 824 Cosri
450 781 501 834 l,
534 778 636 824 115.
665 780 762 834 70.‚
810 780 887 822 ubi
923 780 1200 824 circumcisio
1230 781 1361 837 wp‘m
1387 797 1465 826 ms
1492 785 1660 840 siynum

175 839 261 882 div.
293 840 598 896 nuncupatur,
635 841 680 880 et
699 836 845 880 Sohar
863 837 1008 883 Levit.
1038 841 1090 893 6,
1108 839 1206 891 21.‚
1237 839 1315 880 ubi
1345 854 1487 895 κε’-η)
1516 852 1658 884 &tw-³

173 896 343 951 siqmcm
362 898 562 938 sanctum
579 899 777 939 vocatur.
838 894 930 939 Sed
960 900 1141 952 σημεῖον
1171 893 1303 948 ἔλαβε
1334 900 1583 953 περιτομῆς
1604 895 1659 940 Ρ.

174 951 381 1011 scripsit,
413 951 516 1008 quia
538 950 586 994 id
606 952 886 995 numerosius
908 952 949 994 ei
980 958 1099 994 recte
1132 951 1274 993 visum
1303 956 1395 1005 est,
1428 967 1557 1009 quam
1584 959 1660 995 aut

173 1027 211 1052 κ.
241 1023 342 1066 σημ.
373 1009 622 1064 περιτομῆς
653 1005 740 1058 32„
788 1015 864 1052 aut
901 1026 937 1051 κ.
970 1006 1105 1061 ἔλαβε
1135 1022 1240 1064 σημ.
1270 1023 1373 1065 περ.
1412 1010 1656 1067 σφραγῖδα]

174 1064 446 1125 Appositio:
485 1069 533 1108 ut
555 1071 664 1109 esset
681 1066 869 1120 sz'qillum
890 1066 922 1109 i.
944 1081 983 1109 e.
1006 1071 1118 1107 meta
1156 1065 1201 1109 h.
1224 1071 1550 1120 arqumentum,
1577 1066 1658 1120 fit·-

172 1127 462 1175 mamentum,
487 1122 642 1179 pigmus
668 1123 716 1177 (1
737 1122 840 1167 Cor.
867 1124 920 1175 9,
946 1123 990 1166 2.
1044 1123 1099 1166 cl.
1124 1079 1227 1167 3011.
1259 1124 1308 1176 6,
1337 1124 1448 1179 22).
1504 1122 1657 1168 Affert

173 1181 291 1224 enim
313 1180 564 1238 appositum
584 1179 782 1234 sigillum
809 1180 989 1222 tabellis
1017 1178 1165 1223 fidem.
1197 1181 1460 1236 σφραγῖδα]
1515 1179 1657 1234 „Obi-

171 1242 243 1281 ter
260 1252 438 1290 moneo,
466 1237 513 1278 in
532 1236 635 1279 aliis
658 1235 776 1291 edd„
791 1234 1020 1294 σφραγίὸα
1041 1236 1205 1279 hahere
1226 1237 1580 1290 circumflexum,
1610 1238 1655 1280 in

171 1296 275 1338 aliis
296 1294 518 1338 acutum.''
571 1292 863 1338 Matthaeius.
926 1293 1073 1350 Quum
1101 1303 1118 1336 ῑ
1146 1294 1191 1336 in
1223 1294 1302 1337 heic
1323 1309 1427 1337 voce
1447 1310 1471 1336 a
1492 1295 1656 1338 veteri-

168 1353 253 1396 bus
275 1351 422 1410 poe‘tis
445 1364 670 1407 nunquam
691 1364 777 1392 non
797 1349 1068 1409 producatur
1087 1351 1251 1409 (Soph.
1271 1351 1343 1395 El.
1366 1352 1496 1397 1214.
1524 1352 1655 1409 τήνδε

168 1403 500 1481 προςβλέψασά
548 1422 637 1460 μου
674 1408 680 1464 Ι
715 1409 941 1465 σφραγῖδα
987 1407 1183 1465 πατρὸς,
1232 1405 1390 1459 ἔκμαὺ->
1440 1407 1480 1452 εἰ
1529 1410 1654 1466 σαφῆ

168 1467 297 1522 λεγω.
357 1463 524 1509 Trach.
544 1464 646 1508 612.
665 1490 722 1497 —-
751 1465 999 1522 σφραγῖδος
1029 1464 1150 1521 ἕρκει
1176 1462 1286 1521 τῷδ’
1315 1464 1382 1510 ἐπ’
1416 1462 1539 1519 ὄμμα
1558 1463 1655 1521 θή-

171 1537 311 1566 σεται.
371 1521 578 1577 Theogn.
597 1523 668 1566 19.
692 1547 747 1553 -
766 1529 960 1577 σφρηγῖς
985 1521 1282 1576 garminaco),
1316 1523 1469 1580 utique
1501 1537 1653 1578 σφρα-

168 1581 269 1637 γῖδα
285 1578 586 1624 exhibendum
607 1583 698 1630 est,
726 1578 815 1619 nisi
837 1579 953 1620 forte
972 1577 1033 1622 N.
1054 1578 1113 1622 T.
1134 1578 1377 1635 scriptores
1404 1595 1498 1622 cum
1527 1580 1651 1621 novi-

166 1637 246 1680 tiis
267 1635 645 1680 versificatoribus
664 1634 827 1677 fecisse
847 1640 1005 1692 putare
1023 1635 1235 1677 malueris
1249 1668 1260 1688 ,
1295 1636 1370 1693 qui
1400 1645 1439 1688 ῑ,
1469 1636 1545 1679 uhi
1566 1652 1650 1678 vox

167 1699 290 1736 esset
326 1692 591 1750 trisyllaba,
629 1691 965 1750 corripuerunt,
1008 1706 1049 1736 v,
1092 1692 1292 1736 Jacobsii
1326 1694 1517 1737 Anthol.
1550 1691 1652 1738 Pal.

167 1766 214 1810 p.
228 1750 349 1795 431..
411 1749 584 1803 Limb„
610 1749 796 1802 Henm.‚
828 1748 989 1793 Rueck.
1011 1750 1068 1793 al.
1092 1764 1131 1793 v,
1164 1752 1242 1805 τῆς
1267 1748 1552 1807 δικαιοσύνης
1572 1753 1652 1806 τῆς

166 1806 363 1858 πίστεως
382 1807 440 1850 ita
463 1806 508 1848 in
532 1821 660 1848 unam
681 1806 903 1848 notionem
927 1809 971 1860 (e
993 1805 1078 1848 fide
1098 1812 1199 1849 nata
1228 1807 1489 1863 integritaS,
1521 1810 1650 1855 (³510ae

168 1865 548 1920 benssgetecbtigfeit)
566 1864 851 1921 copularunt,
884 1868 932 1905 ut
951 1878 990 1908 V.
1010 1864 1089 1919 τῆς
1110 1862 1153 1906 ἐν
1174 1868 1225 1920 rf-
1245 1860 1518 1921 ἀκροβυστίᾳ
1549 1865 1649 1909 scil.

166 1920 383 1978 δοθείσης
412 1919 469 1963 ad
492 1935 588 1962 eam
614 1921 856 1963 referrent:
875 1945 926 1952 —-
955 1920 1117 1978 pignus
1145 1935 1168 1962 e
1195 1891 1282 1962 ride
1311 1928 1440 1963 natac
1471 1924 1648 1977 intcyri-

167 1979 299 2032 totis,
328 1993 436 2036 quae
455 1977 632 2020 Abrah.
660 1977 945 2035 praeputiato
978 1976 1229 2032 obtigisset.
1284 1977 1376 2032 Qui
1402 1977 1650 2020 certissime

166 2036 402 2080 falluntur.
462 2033 580 2077 Nam
601 2033 938 2093 perspicuitatis
955 2033 1123 2090 legem,
1154 2038 1202 2075 ut
1225 2034 1447 2090 σφραγῖδα
1475 2035 1572 2091 τῆς
1599 2034 1648 2078 ἐκ

166 2091 362 2143 πίστεως
401 2088 782 2148 δικαιοσύνης
820 2092 915 2147 τῆς
946 2116 1022 2133 -.
1071 2090 1295 2134 diceretur
1327 2091 1554 2147 flagitasse
1594 2106 1648 2134 ne

165 2164 523 2202 commemorem,
556 2149 637 2192 hoc
663 2155 806 2206 pacto,
835 2154 883 2190 ut.
903 2149 1121 2190 sententia
1143 2154 1394 2201 constaret,
1424 2146 1489 2198 εἰς
1509 2147 1559 2191 τὸ
1581 2143 1648 2190 εἷ-

166 2223 240 2250 ναι
268 2203 401 2250 αὐτὼ)
428 2204 604 2262 πατέρα
629 2202 805 2247 πάντων
833 2206 919 2247 τῶν
946 2203 1098 2248 πίστει
1129 2205 1573 2248 δικαιωθέντων·
1591 2203 1645 2247 δι’

165 2260 465 2322 ἀκροβυστίας
493 2264 601 2319 (fuit
619 2262 879 2306 Abrahamo
909 2262 1187 2305 circumcisio
1214 2262 1376 2320 pignus
1403 2277 1426 2304 e
1459 2261 1546 2304 fide
1575 2277 1649 2305 or-

165 2326 237 2364 tae
254 2322 545 2378 irateyritcctis,
583 2335 691 2377 quac
709 2320 987 2375 pracpede'ato
1017 2320 1123 2362 duta
1143 2325 1275 2370 esset,
1305 2325 1353 2362 ut
1370 2319 1464 2380 jam
1496 2334 1646 2362 eorum

167 2379 384 2432 omnium,
420 2378 498 2436 qui
515 2378 571 2420 ob
589 2376 718 2420 fidem
748 2382 897 2419 essent
925 2377 1220 2432 integritatem
1246 2377 1493 2434 consequuti
1517 2391 1647 2432 prae-

166 2437 353 2491 putenti,
391 2441 519 2494 pater
547 2435 629 2490 sit)
653 2432 886 2477 dicendum
914 2433 1055 2476 fuisse
1086 2434 1247 2478 elucet.
1317 2432 1406 2476 Per
1435 2449 1475 2478 v,
1507 2434 1647 2489 igitur

169 2490 234 2542 εἰς
255 2518 311 2525 -
335 2491 510 2549 πατέρα
533 2491 709 2534 πάντων
737 2494 840 2533 τῶν
870 2487 1260 2533 πιστευόντων
1290 2489 1345 2532 δι’
1373 2488 1645 2547 ἀκροβυστί-

166 2563 220 2599 ας
249 2548 444 2592 dubitari
482 2564 568 2593 non
594 2552 771 2607 potest,
822 2548 925 2604 quin
954 2562 1072 2591 vocc.
1100 2551 1177 2602 τῆς
1206 2547 1251 2590 ἐν
1276 2549 1329 2604 τῇ
1370 2543 1642 2603 ἀκροβυστίᾳ

166 2606 266 2651 scil.
283 2604 519 2664 σχεθείσης
537 2605 688 2662 «πᾶ-τῆς
708 2604 901 2655 πίστεως
920 2609 1120 2663 spectent
1138 2605 1182 2648 h.
1203 2619 1264 2648 r.:
1293 2609 1337 2646 ct
1361 2612 1507 2648 notam
1531 2616 1640 2661 quac

166 2663 369 2721 praeciso
406 2663 639 2723 praeputio
680 2668 904 2705 constaret
946 2661 1124 2705 Abrah.
1162 2660 1317 2715 duxit,
1370 2659 1639 2717 integritatis

166 2724 493 2776 argumentum,
534 2735 661 2778 quam
691 2725 909 2778 acceptam
946 2720 1133 2762 rcfcrrct
1167 2718 1272 2774 fidei
1311 2734 1337 2761 a
1365 2717 1639 2774 pracpndr'ato

164 2777 411 2833 praebitae,
459 2783 507 2819 ut
543 2793 694 2820 eorum
740 2778 931 2820 omnium
964 2782 1092 2835 pater
1130 2777 1210 2830 sit,
1293 2775 1338 2817 ui
1369 2772 1638 2831 praepnaiati

161 2832 293 2887 fidem
311 2833 564 2890 praebeant.
625 2835 889 2890 περιτομῆς]
920 2834 983 2881 Α.
1003 2836 1047 2880 6.
1076 2835 1121 2880 9.
1144 2834 1214 2879 36.
1303 2832 1356 2877 lt.
1385 2845 1426 2874 n.
1463 2829 1523 2873 al.
1551 2843 1638 2869 fre·-
