1752 3347
705 151 1201 198 PROLEGOMEN
1221 154 1281 198 A.
1587 169 1732 198 xxxvii

251 276 354 304 mam
378 263 611 313 arcessivit,
643 275 762 314 quam
786 263 886 313 (prod
907 262 1036 302 amico
1059 260 1361 309 destitueretur,
1394 262 1457 310 qui
1481 264 1642 303 intima
1664 263 1726 302 sa-

250 322 483 361 niiliaritatc
517 334 650 360 sccum
678 321 841 371 junctus
871 327 987 359 [oms
1019 319 1095 357 sibi
1126 318 1277 358 viveret
1310 319 1336 358 2
1362 318 1468 359 Tim.
1491 320 1532 371 4,
1556 321 1598 362 9.
1624 333 1727 371 sqq„

252 378 510 418 Noni-ectins
534 377 748 418 Schulzio
771 385 808 416 et
827 375 1009 418 schotto
1029 375 1126 415 illud
1150 375 1421 427 suspicionem
1442 376 1584 428 movit,
1621 379 1726 427 quod

249 436 395 487 Aquila
415 443 451 473 et
471 434 662 474 Priscilla
681 435 840 475 Claudii
869 434 1076 472 interdicto
1101 432 1229 472 Roma
1253 433 1365 483 ejecti
1396 433 1484 473 Act.
1509 436 1576 484 18,
1599 434 1640 475 2.
1663 447 1724 484 sq.

250 506 368 543 quum
397 492 506 541 prior
535 494 582 529 ad
603 494 697 532 Cor.
719 505 779 542 ep.
809 491 1052 531 scrilwrctur
1073 489 1312 529 domicilium
1340 490 1491 540 Ephesi
1521 491 1723 530 collocas-

248 558 336 588 sent
372 552 386 588 l
413 548 504 588 Cor.
532 549 598 598 16,
624 549 690 588 19.
731 550 818 588 Act.
843 550 908 598 18,
940 549 1004 587 19.
1030 547 1123 596 26.,
1165 547 1280 585 iidem
1314 548 1450 597 paullo
1486 556 1572 598 post
1602 561 1722 598 ιμιιιιιι

247 606 389 645 literae
407 607 457 643 ad
478 603 596 643 Rom.
621 606 810 643 darentur
828 603 981 657 Romae
1003 604 1255 644 habitassent
1287 603 1401 644 Rom.
1427 605 1491 654 16,
1515 605 1581 654 3.,
1611 608 1721 644 deni-

240 675 320 712 que
338 673 458 710 «fluum
476 660 519 699 P.
541 660 694 699 Romae
716 660 958 710 posteriores
980 663 1028 698 ad
1051 661 1157 701 Tim.
1180 661 1319 700 literas
1342 661 1550 700 conticeret
1574 675 1718 700 rursus

240 720 285 757 in
308 717 409 757 Asia.
433 716 577 756 minori
601 724 637 756 et
663 717 844 767 quidem,
882 723 924 755 ut
945 716 1120 766 videtur,
1161 718 1310 769 Ephesi
1333 718 1545 758 vixissent.
1603 718 1720 758 Tau-

244 782 323 816 tum
346 774 452 814 einim
470 773 592 824 spatii
615 775 672 825 (et
696 772 846 812 suflicit
866 779 1050 822 quattuor
1070 774 1285 828 nwnsium)
1305 775 1406 815 iuter
1425 789 1486 826 ep.
1507 775 1537 816 l.
1559 777 1608 814 ad
1625 775 1718 816 Cor.

234 840 278 873 ct
307 831 523 883 epistolam
550 831 599 869 ad
623 831 741 870 Rom.
771 828 1017 880 interjectum
1049 836 1130 880 est,
1171 838 1320 881 quanto
1340 846 1440 884 opus
1467 838 1576 882 erat,
1620 839 1659 871 ut
1682 840 1718 872 et

238 889 415 932 Romam
444 887 599 928 abirent
620 885 769 939 Aquila
798 891 835 926 et
854 886 1045 925 Priscilla
1068 891 1105 923 ct
1124 886 1168 927 P.
1192 901 1266 937 quo
1297 889 1384 928 loco
1408 903 1542 928 eorum
1572 901 1636 929 res
1661 889 1717 928 ibi

239 954 373 991 essent
405 945 656 996 comperiret.
712 944 827 992 Quod
856 950 986 983 autem
1015 942 1141 982 tribus
1169 944 1323 985 exactis
1355 946 1472 985 amnis
1499 946 1648 997 Aquila
1679 952 1717 985 et

234 1002 427 1043 Priscilla
456 1015 598 1041 rursus
635 1001 678 1040 in
705 1001 806 1041 Asia.
848 1001 992 1039 minori
1024 1000 1204 1051 fuerunt,
1256 1002 1400 1042 mirum
1436 1017 1516 1042 non
1549 1003 1716 1043 videtur.

238 1060 372 1100 Multa
391 1059 496 1100 enim
517 1058 670 1110 fingas,
713 1071 816 1109 quae
842 1065 884 1097 ut
911 1057 1124 1108 pristinum
1145 1057 1386 1099 domicilium
1411 1066 1476 1098 aut
1499 1060 1716 1099 reviserent

237 1123 307 1156 aut
323 1123 548 1167 repeterent
567 1130 634 1155 eos
655 1115 898 1165 movissent,
929 1129 967 1154 v.
989 1128 1022 1154 c.
1044 1115 1204 1165 negotia
1232 1129 1319 1156 cum
1341 1116 1533 1167 Ephesiis
1555 1123 1714 1157 contra-

237 1182 323 1224 cta,
363 1173 533 1224 opificii,
571 1186 620 1212 cx
649 1186 726 1223 quo
760 1173 852 1224 plus
881 1171 980 1211 lucri
1006 1172 1156 1223 Ephesi
1189 1186 1307 1224 quam
1337 1173 1492 1214 Romae
1519 1173 1712 1225 facerent,

237 1231 438 1280 ratium-s,
466 1229 560 1270 alia.

346 1286 626 1328 Nihilominus
653 1283 760 1324 hand
791 1285 908 1336 pauci
930 1284 1013 1326 VV.
1039 1285 1131 1326 DD.
1152 1285 1367 1338 epistolam
1391 1287 1441 1326 ad
1466 1284 1587 1326 Rom.
1611 1299 1713 1338 quae

237 1356 341 1383 nuuc
365 1343 641 1384 circumfertur
666 1355 686 1381 e
707 1343 891 1393 pluribus
914 1342 977 1381 vel
1008 1342 1190 1393 epistolis
1210 1344 1274 1383 vel
1304 1343 1468 1394 seriptis
1499 1343 1712 1384 conflatam

235 1413 326 1440 esse
346 1400 424 1440 sibi
455 1406 760 1452 persuaserunt.
820 1398 1079 1439 IIeumcmnz'
1105 1399 1221 1449 (OEtfl.
1242 1403 1304 1442 bess
1323 1401 1378 1442 Ἢ.
1398 1400 1445 1442 215.
1471 1399 1556 1440 Vll.
1585 1401 1628 1442 72
1649 1413 1712 1451 sq.

234 1456 332 1499 538.
344 1471 405 1508 sq.
411 1463 436 1506 )‚
467 1457 655 1498 Semleri
671 1457 730 1508 (v.
753 1455 867 1497 Diss.
892 1458 938 1495 de
957 1456 1105 1507 duplici
1126 1458 1344 1508 appendice
1366 1470 1430 1507 ep.
1450 1456 1495 1498 P.
1517 1457 1566 1495 ad
1588 1455 1710 1497 Rom.

228 1513 331 1556 Hal.
352 1514 475 1554 1767.
507 1525 609 1564 pone
636 1510 825 1552 Semleri
845 1512 1043 1563 Paraphr.
1075 1525 1137 1562 ep.
1170 1515 1217 1553 ad
1242 1512 1360 1554 Rom.
1380 1513 1476 1554 Hal.
1496 1513 1621 1554 1769.
1656 1514 1709 1555 cl.

231 1572 410 1624 Koppe':
431 1571 532 1610 Exc.
552 1569 603 1610 11.
623 1571 673 1609 ad
697 1582 759 1620 ep.
787 1569 836 1608 ad
854 1569 973 1609 Rom.
979 1568 1019 1621 ),
1057 1570 1195 1609 Paule·
1220 1569 1278 1621 (v.
1300 1569 1359 1609 De
1390 1570 1615 1622 originibus
1645 1585 1709 1622 ep.

231 1629 283 1669 ud
302 1629 422 1668 Rom.
443 1626 529 1668 Jen.
542 1626 667 1666 1801.
689 1632 724 1665 et
744 1626 830 1668 Des
851 1626 993 1676 2125).
1013 1626 1152 1677 errbt
1176 1639 1222 1667 an
1244 1628 1296 1666 bie
1311 1626 1402 1669 6501
1422 1640 1459 1667 u.
1472 1627 1589 1669 §Rom
1602 1628 1709 1678 §oriz

227 1686 316 1736 steu-
349 1699 386 1736 p.
407 1684 526 1739 350.)
555 1688 593 1723 et
619 1682 893 1723 Ezchhornii
923 1683 1045 1735 (Qint
1076 1683 1143 1734 111,
1171 1684 1269 1723 322
1279 1683 1463 1735 -246.)
1494 1683 1707 1735 opiniones

233 1755 258 1781 a
280 1741 416 1786 multis
438 1741 637 1792 explosas
670 1742 729 1792 (v.
750 1738 1011 1781 Bertholrlte?
1027 1740 1130 1782 OEinl.
1160 1754 1200 1791 p.
1219 1741 1347 1781 3289.
1368 1755 1457 1792 sqq.
1486 1747 1523 1780 et
1546 1741 1705 1782 Revssch

232 1800 262 1849 l,
290 1800 356 1839 ll.
381 1798 487 1850 sqq.)
516 1796 740 1849 neminique
767 1797 927 1848 iwanotis
957 1798 1118 1837 silentio
1141 1796 1232 1836 licet
1259 1812 1322 1849 p1
1311 1806 1493 1838 ‘tenure
1554 1798 1631 1838 Sed
1659 1812 1707 1839 ne

230 1855 443 1897 ,Schulzio
462 1856 619 1904 quidem
637 1862 676 1894 et
694 1853 874 1894 ‚Schotto
893 1855 1107 1895 assentior.
1151 1856 1332 1903 Quorum
1352 1854 1420 1894 ille
1440 1856 1704 1906 argumentis,

231 1927 330 1964 quae
372 1911 510 1964 paullo
552 1917 644 1952 ante
691 1911 880 1950 refellere
921 1911 1080 1962 studui,
1123 1912 1245 1950 nixus
1277 1913 1442 1951 Paulum
1484 1918 1603 1963 capnt
1635 1913 1703 1952 16.

229 1971 397 2011 Romae
421 1969 483 2008 ad
507 1968 729 2022 Ephesios
758 1967 976 2019 scripsisse
1003 1968 1168 2018 conjecit
1198 1968 1225 2008 1.
1246 1982 1279 2010 c.
1312 1984 1350 2021 p.
1371 1970 1485 2009 612..
1544 1967 1703 2008 Schot-

230 2035 301 2068 tus
340 2031 474 2066 autem
502 2026 645 2066 iisdem
674 2025 900 2065 rationibus
932 2028 1126 2066 adductus
1156 2026 1184 2066 l.
1214 2038 1247 2065 c.
1293 2041 1332 2078 p.
1361 2026 1459 2067 251.
1509 2038 1598 2077 cap.
1631 2026 1702 2067 16.

229 2099 249 2123 e
268 2084 440 2124 diversis
462 2083 568 2124 alius
600 2082 808 2135 cujusdam
829 2081 1051 2134 brevioris,
1090 2081 1307 2123 maximam
1332 2089 1485 2134 partem
1508 2083 1699 2133 amissae,

229 2141 448 2193 epistolae,
488 2153 606 2192 quam
624 2139 669 2181 P.
685 2138 871 2180 ‘Corinthi
899 2141 947 2179 ad
969 2145 1120 2180 coetum
1138 2140 1336 2191 quendam
1363 2139 1572 2180 asiaticum
1596 2139 1698 2180 scri-

227 2199 375 2250 pserit,
403 2196 642 2250 fragmentis
663 2197 720 2236 ita
741 2196 1004 2248 compositum
1023 2211 1112 2237 esse
1134 2196 1298 2246 statuit,
1336 2202 1378 2235 ut
1401 2197 1575 2248 siugulis
1596 2209 1698 2248 quae

227 2255 325 2296 haec
344 2255 570 2307 fragmenta
592 2254 840 2294 continerent
864 2254 1067 2294 schedulis
1097 2253 1249 2293 sensim
1277 2254 1502 2304 sensimque
1526 2253 1697 2306 repertis

229 2312 420 2352 continua
452 2312 555 2352 serie
588 2325 709 2351 unum
750 2311 987 2363 adjiceretur
1019 2311 1155 2351 alteri.
1226 2310 1402 2350 Primum
1432 2311 1697 2362 fragmentum

229 2369 324 2408 facit
346 2369 417 2420 16,
434 2369 610 2413 lr—lfi.
625 2399 638 2420 ‚
675 2370 891 2421 secundum
908 2383 945 2409 v.
969 2367 1170 2408 17-20.
1198 2367 1276 2406 hae
1295 2368 1405 2419 lege,
1435 2373 1476 2407 ut
1497 2369 1563 2417 qui
1581 2369 1695 2417 frag-

231 2430 364 2465 menta
387 2426 619 2477 collegerit,
659 2425 828 2465 Paulum
854 2427 895 2466 h.
918 2426 945 2466 l.
968 2425 1183 2477 epistolam
1210 2424 1456 2465 solemnibus
1480 2439 1518 2469 v,
1543 2425 1694 2464 finiisse

229 2487 344 2522 ratus
356 2494 466 2522 voce.
478 2496 518 2522 V.
528 2482 600 2523 20.
622 2479 647 2533 ἡ
666 2480 784 2535 χάρις
802 2498 838 2523 κ.
851 2498 888 2523 τ.
902 2486 939 2523 λ.
963 2483 1046 2534 ipse
1066 2480 1268 2533 adjecerit,
1289 2482 1445 2521 tertium
1456 2482 1690 2522 vab-24.

229 2545 268 2579 et
295 2544 478 2589 quartum
497 2553 536 2578 v.
554 2539 782 2590 25—27.‚
819 2541 923 2590 quod
948 2553 998 2579 ex
1027 2538 1110 2578 alia
1131 2540 1300 2589 quadam
1321 2553 1383 2590 ep.
1406 2546 1521 2590 parte
1551 2539 1691 2579 ceteris

228 2594 395 2638 amissis
425 2594 543 2648 (mire
565 2596 708 2646 opinor
727 2609 800 2635 nec
831 2597 917 2637 sine
944 2594 1122 2649 numine)
1144 2603 1417 2637 conservatum
1446 2596 1691 2647 fragmento-

218 2666 316 2694 -rum
350 2651 593 2704 compositor
618 2651 824 2692 clausulae
855 2653 926 2703 16,
946 2653 1016 2694 24.
1046 2652 1264 2704 addiderit,
1312 2655 1379 2694 sed
1412 2653 1482 2692 alii
1510 2658 1600 2704 post
1624 2650 1691 2703 14,

227 2711 301 2752 23.
329 2708 421 2764 (cur
446 2710 515 2750 hic
537 2709 853 2762 potissimum2)
877 2710 1054 2750 inserere
1073 2711 1299 2752 maluerint.
1357 2710 1401 2750 Si
1429 2723 1551 2759 casu,
1587 2709 1687 2748 miro

229 2779 326 2808 sane
355 2765 566 2815 acciderit,
612 2772 652 2806 ut
683 2765 972 2819 salutationes,
1019 2780 1118 2818 quac
1155 2768 1233 2808 nisi
1261 2781 1398 2808 eorum
1422 2768 1487 2819 qui
1522 2765 1685 2808 salutati
