1752 3347
73 531 126 565 N*

101 688 111 696 ·
142 702 154 707 ·
196 684 301 721 runt
322 680 370 735 (2
391 679 511 722 Tim.
535 681 577 732 2,
602 681 692 732 ll.)
713 680 755 723 h.
777 695 860 724 m.:
901 681 939 722 si
969 685 1111 723 autem
1147 681 1202 722 ab
1230 682 1462 723 inhonesta
1485 683 1573 723 vita
1595 681 1686 723 dis-
1750 682 1752 691 ¹

63 1246 122 1297 N&

190 60 277 103 392
475 59 853 104 EPlsTOLA
885 61 989 104 AD
1018 60 1386 107 ROMANOS

225 173 294 208 ost
317 178 479 222 paucos
499 163 593 208 dics
615 165 822 209 Christus
851 171 1087 224 propterea
1115 173 1295 226 ereptus
1315 173 1408 222 est,
1447 171 1564 226 quod
1586 173 1685 214 nul-

191 182 277 264 Fam
301 220 517 279 peccando
539 223 816 280 concepisset
837 225 1063 278 maculam,
1094 225 1172 267 sed
1193 227 1295 282 quia
1320 226 1364 269 id
1376 227 1571 268 futurum
1585 243 1684 271 esse

191 284 317 321 vetus
340 283 462 321 vates
488 280 706 322 cecinerat
730 281 759 323 i.
785 296 824 324 e.
849 281 952 337 quia
973 297 1052 339 per
1074 282 1162 324 Dei
1194 283 1415 326 decretum
1443 285 1686 342 prophetae

193 335 407 379 divinitus
430 343 721 379 monstratum
741 353 813 379 res
835 339 967 380 aliter
987 337 1143 381 cadere
1162 354 1246 381 non
1274 341 1495 399 potuisset
1515 345 1622 385 Act.
1642 342 1682 394 ζ

192 395 266 438 24.
288 409 388 450 sqq.
452 393 645 436 Proinde
668 394 888 451 κυριεύειν
911 396 954 439 11.
975 397 1007 438 l.
1033 401 1102 438 est
1122 397 1342 440 dominum
1371 413 1455 440 ess
1467 413 1505 441 e.
1565 398 1684 441 Chri-

192 453 348 495 sinsin
371 451 504 494 vitam
534 452 761 495 restitutus
791 466 894 494 non
924 455 1111 507 (anplius
1143 455 1339 497 moritur.
1407 454 1535 497 ssIors
1567 455 1682 497 enim

193 510 241 551 in
271 523 367 551 eum
396 523 499 551 non
542 508 781 562 amplius
830 510 955 562 (olim
1000 509 1210 567 hahebat)
1244 516 1508 567 potestatem
1539 511 1685 555 habet.

193 590 250 598 -—
282 565 404 607 Satis
432 565 561 607 multi
589 566 860 623 interpretes
891 567 951 622 (v.
974 581 1011 610 c.
1034 566 1277 621 Chrysost„
1320 570 1470 621 Grot.‚
1511 569 1685 621 Heum„

196 622 361 673 Fluit..
405 623 576 675 Reiclz.)
606 622 738 677 συζῆν
763 624 825 680 τῷ
846 626 1031 679 Χριστῷ
1053 623 1107 665 ad
1127 623 1206 680 τὴν
1231 624 1413 667 αἰώνιον
1437 622 1549 680 ζωήν
1569 626 1684 666 refe-

196 737 429 789 cessimus,
460 736 574 778 sicut
594 736 802 780 Christus
823 738 1048 794 physicam
1074 739 1207 780 xitum
1228 739 1393 795 posuit,
1425 753 1685 795 persuasum

197 794 432 847 habemus,
461 794 579 847 fore,
610 800 659 836 ut
679 809 773 836 cum
793 795 960 838 Clu-isto
977 794 1043 850 (ἐν
1065 797 1127 850 τῷ
1147 793 1275 837 αἰῶνι
1303 797 1364 850 τῷ
1391 795 1619 849 μέλλοντι)
1652 797 1683 840 i.

198 865 239 894 e.
260 851 577 906 inperpetuum
594 851 792 893 vivamus
817 855 936 908 (nam
960 866 1127 893 morum
1151 853 1366 893 sanctitas
1383 857 1546 893 certam
1573 867 1686 894 sem-

196 908 397 966 piternae
423 908 653 949 felicitatis
686 923 809 966 spem
838 909 967 951 affert
988 911 1040 961 5,
1061 909 1106 952 4.
1130 910 1246 964 sq.),
1295 924 1427 965 quum
1459 909 1687 952 Christum

196 967 242 1007 in
262 965 398 1008 vitam
422 971 673 1007 revocatum
700 980 785 1007 non
808 966 999 1024 amplius
1021 966 1132 1007 mori
1162 964 1279 1007 haud
1311 967 1566 1021 ignoremus
1586 972 1688 1011 etc..
1750 999 1752 1003 ι

199 1022 479 1080 Superquam
508 1022 624 1079 quod
652 1022 722 1064 illi
754 1019 921 1073 εἰδότες
946 1023 1110 1064 rectius
1132 1024 1445 1080 exposuissent
1466 1025 1538 1065 καὶ
1558 1019 1691 1065 οἴδα-

196 1095 276 1134 μεν
294 1084 356 1135 (v.
381 1083 558 1137 supra),
589 1080 851 1121 sententiam
876 1081 918 1122 in
940 1080 1053 1122 hunc
1071 1081 1103 1123 l.
1126 1080 1388 1122 invexerunt
1415 1095 1437 1122 a
1463 1080 1513 1124 P.
1535 1080 1687 1138 dispu-

198 1137 366 1179 tatione
387 1138 745 1181 remotissimam.
806 1137 924 1179 Toto
946 1139 1060 1179 enim
1088 1138 1120 1181 1.
1141 1137 1221 1179 hoc
1241 1151 1371 1179 unum
1393 1138 1510 1191 agit,
1541 1144 1590 1180 ut
1611 1140 1689 1180 ho-

199 1194 339 1236 mines
361 1195 517 1238 christ.
546 1194 662 1247 vita,
702 1209 812 1251 quae
837 1195 1032 1251 peccatis
1061 1195 1355 1237 contaminata
1385 1196 1567 1247 suisset,
1610 1210 1690 1252 po-

198 1252 284 1293 sita
307 1251 536 1294 honestam
563 1252 695 1294 vitam
728 1252 883 1293 iniisse
903 1251 1179 1293 demonstret
1208 1267 1249 1295 v.
1271 1253 1465 1296 2.-11,
1526 1252 1626 1296 Jam
1650 1251 1691 1293 si

197 1308 291 1350 illis
325 1323 537 1351 assensus
564 1323 605 1353 v·
626 1309 670 1353 8.
694 1310 736 1352 9.
765 1308 820 1350 ad
839 1309 973 1351 vitam
995 1315 1220 1351 aeternam
1241 1309 1396 1367 probis
1418 1309 1691 1353 Christianis

198 1371 321 1408 certo
343 1368 605 1423 sperandam
636 1367 936 1419 revocaveris,
975 1367 1118 1424 primo
1151 1367 1195 1408 in
1222 1371 1316 1424 Ap.
1342 1367 1690 1422 argumentatio-

198 1437 253 1465 ne
274 1437 364 1464 rem
391 1424 648 1480 primariam
664 1423 767 1482 jure
785 1422 1028 1468 desideres.
1097 1422 1199 1466 Non
1228 1425 1342 1466 enim
1362 1425 1474 1466 satis
1495 1430 1590 1466 erat
1611 1424 1690 1466 ho-

198 1481 340 1522 mines
371 1481 525 1525 christ.
552 1481 597 1523 in
615 1484 726 1523 novt?
748 1482 838 1523 vita
866 1482 1036 1523 locatos
1058 1496 1156 1524 esse
1183 1480 1369 1523 Paulum
1399 1482 1623 1523 monuisse
1647 1496 1690 1525 τ’.

198 1537 243 1580 4.
260 1538 482 1591 —7.,nisi
499 1538 834 1594 perpetuitatem
854 1551 901 1580 se
926 1539 1026 1580 huic
1044 1539 1162 1580 vitae
1177 1539 1280 1598 jure
1302 1538 1689 1596 quodamominari

200 1594 384 1637 adderet
402 1609 443 1637 v.
464 1596 507 1639 8.
526 1597 586 1639 9..
645 1593 761 1636 Nam
783 1596 864 1637 hac
883 1609 962 1653 spe
985 1596 1301 1638 corroboratus
1324 1597 1384 1638 sit
1406 1611 1587 1638 necesse
1607 1600 1690 1648 est,

200 1651 276 1708 qui
298 1666 345 1693 se
366 1650 517 1706 νεκρὸν
536 1652 616 1706 μὲν
636 1653 689 1707 τῇ
710 1648 930 1708 ἁμαρτίᾳ,
966 1653 1099 1703 ζῶντα
1128 1653 1175 1695 δὲ
1200 1655 1262 1708 τῷ
1285 1655 1379 1708 θεῷ
1409 1668 1509 1696 esse
1534 1654 1690 1694 existi-

200 1713 289 1750 met
313 1710 376 1764 (V.
401 1709 512 1760 11.).
578 1706 754 1748 Deinde
790 1708 907 1764 quod
929 1709 1022 1765 Ap.
1055 1709 1127 1750 11ῑο
1156 1710 1292 1752 obiter
1312 1709 1364 1751 de
1390 1711 1478 1751 vita
1509 1710 1690 1752 aeterna

200 1765 347 1807 dicere
368 1765 543 1815 volunt,
584 1777 638 1804 ne
659 1764 802 1805 obiter
823 1764 997 1820 quidem
1020 1766 1144 1807 illius
1166 1767 1283 1807 vitae
1313 1767 1478 1808 mentio
1505 1767 1548 1810 h.
1572 1768 1603 1810 l.
1626 1768 1691 1807 fa-

200 1821 378 1873 cienda,
426 1820 505 1862 sed
533 1819 776 1876 disputatio
811 1821 1087 1878 pertexenda
1119 1827 1217 1863 erat
1245 1827 1293 1863 ut
1326 1837 1457 1864 versu
1491 1825 1560 1866 ll.
1604 1837 1691 1878 quo

200 1879 328 1922 modo
357 1878 548 1933 legimus
571 1876 772 1918 concludi
799 1882 970 1934 posset.
1036 1876 1251 1933 Quamvis
1275 1879 1389 1920 enim
1413 1879 1540 1921 rerba
1557 1895 1597 1923 v.
1622 1882 1692 1923 ll.

201 1936 257 1979 ad
276 1950 395 1979 vocc.
417 1951 458 1979 v.
481 1937 549 1977 10.
580 1934 901 1976 accommodata
926 1934 1043 1988 sint,
1072 1936 1288 1977 sententia
1306 1941 1452 1978 tamen
1475 1936 1694 1993 ejusmodi
1748 1937 1752 1943 '

201 1998 296 2046 est,
327 1997 376 2034 ut
396 1997 498 2034 ante
518 1990 737 2033 dictorum
758 2005 798 2035 v.
819 1992 862 2034 2.
879 1993 1013 2035 —10.
1035 2006 1247 2034 summam
1272 1992 1367 2035 fieri
1390 1986 1556 2051 pateat.
1606 1993 1695 2036 Ni-

202 2052 268 2094 hil
289 2050 441 2092 dicunt
471 2049 546 2107 qui
574 2048 795 2104 (Flact'us,
831 2048 928 2092 Chr.
944 2049 1018 2091 Fr.
1035 2048 1221 2101 Schmid,
1253 2048 1474 2102 Rosciam„
1495 2051 1693 2104 Boehm„

202 2108 316 2152 Klee
335 2108 419 2161 al.)
449 2105 582 2161 συζῆν
609 2107 672 2160 τῷ
694 2106 882 2162 Χριστῷ
912 2106 1044 2148 vitam
1079 2112 1276 2147 sanctam
1306 2112 1349 2149 et
1377 2114 1601 2150 aeternam
1633 2109 1694 2150 si-

203 2165 294 2207 mul
317 2163 548 2221 complecti
571 2161 831 2220 perhibent,
862 2167 905 2204 et
928 2164 1029 2219 quia
1054 2163 1179 2205 illam
1200 2164 1504 2221 loquutionem
1531 2167 1695 2208 altern-

202 2227 320 2266 irum
342 2221 594 2277 significare
625 2224 827 2278 oportet,
871 2226 966 2262 aut
996 2235 1089 2263 cnm
1115 2220 1282 2263 Phristo
1307 2221 1351 2263 ἓν
1379 2223 1439 2277 τῷ
1471 2221 1601 2264 αἰῶνι
1632 2223 1695 2279 τῷ

201 2278 411 2333 μέλλοντι
451 2278 589 2320 rivere
615 2277 798 2334 proprio
850 2291 984 2318 sensu
1024 2277 1053 2317 2
1087 2277 1208 2322 Tim.
1236 2279 1285 2332 2,
1320 2281 1390 2322 ll.
1440 2279 1535 2322 Col.
1561 2282 1608 2333 1,
1634 2281 1695 2331 5.,

206 2341 300 2378 aut
326 2335 486 2378 virtuti
505 2335 653 2376 vivere
687 2339 841 2389 (sensu
863 2335 1074 2390 figurato)
1104 2337 1306 2391 quomodo
1334 2336 1542 2380 Christus
1572 2338 1696 2389 vivit,

205 2392 238 2436 i.
261 2407 299 2436 e.
323 2396 539 2449 perpetuo
559 2394 620 2448 (v.
640 2393 730 2445 9.),
762 2396 805 2432 et
827 2392 1032 2447 quoniam
1052 2392 1227 2434 etiamsi
1249 2393 1324 2434 illa
1347 2398 1574 2451 utrumque
1594 2409 1698 2436 eon-

204 2449 349 2490 tinere
382 2454 560 2507 posset,
600 2449 712 2490 male
744 2454 889 2490 tamen
922 2455 1130 2491 aeternae
1159 2450 1277 2492 vitae
1307 2451 1618 2506 cogitationem
1641 2451 1696 2494 ab

207 2506 254 2550 h.
272 2507 305 2549 l.
341 2521 513 2548 worsus
533 2506 721 2548 alienam
744 2506 1107 2549 immiscuissent.

320 2521 381 2607 Rs.
408 2566 477 2607 10.
528 2563 663 2606 Ratio
695 2562 898 2605 redditur
928 2564 1183 2606 ultimorum
1211 2579 1252 2608 v.
1275 2566 1316 2607 9.
1348 2579 1466 2608 voec.
1501 2561 1694 2614 θάνατος

208 2615 347 2661 αὐτοῦ
378 2618 525 2663 οιῖκέτι
557 2617 767 2678 κυριεύει.
826 2620 871 2664 11.
893 2635 975 2664 m.:
1013 2620 1138 2663 Mors
1170 2636 1254 2664 non
1291 2623 1483 2679 amplius
1516 2622 1560 2663 in
1596 2635 1690 2664 eum

208 2675 476 2721 dominatur.
554 2677 670 2720 Nam
700 2692 828 2734 quam
855 2678 1058 2720 occubuit.
1086 2684 1270 2721 mortem
1306 2694 1355 2721 ea
1385 2678 1439 2720 ad
1502 2683 1690 2722 occatum

210 2734 427 2790 pertinuit
449 2736 582 2778 semel
606 2734 851 2792 oppetenda
874 2737 974 2791 (qui
999 2736 1135 2792 igitur
1157 2751 1274 2779 mors
1297 2737 1455 2779 iterum
1489 2736 1691 2778 ‘hristum
