<?xml version="1.0" encoding="UTF-8"?>
<!DOCTYPE html PUBLIC "-//W3C//DTD XHTML 1.0 Transitional//EN"
    "http://www.w3.org/TR/xhtml1/DTD/xhtml1-transitional.dtd">
<html xmlns="http://www.w3.org/1999/xhtml" xml:lang="en" lang="en">
 <head>
  <title>
</title>
<meta http-equiv="Content-Type" content="text/html;charset=utf-8" />
  <meta name='ocr-system' content='tesseract 3.04.00' />
  <meta name='ocr-capabilities' content='ocr_page ocr_carea ocr_par ocr_line ocrx_word'/>
</head>
<body>
  <div class='ocr_page' id='page_1' title='image "./pauliadromanosep01frituoft_0087.png"; bbox 0 0 1752 3347; ppageno 0'>
   <div class='ocr_carea' id='block_1_1' title="bbox 466 161 1533 212">
    <p class='ocr_par' dir='ltr' id='par_1_1' title="bbox 466 161 1533 212">
     <span class='ocr_line' id='line_1_1' title="bbox 466 161 1533 212; baseline -0.007 -2"><span class='ocrx_word' id='word_1_1' title='bbox 466 164 621 212; x_wconf 72' lang='lat' dir='ltr'><strong>CAP.</strong></span> <span class='ocrx_word' id='word_1_2' title='bbox 654 163 693 208; x_wconf 86' lang='grc' dir='ltr'><strong>Ι.</strong></span> <span class='ocrx_word' id='word_1_3' title='bbox 737 164 828 207; x_wconf 74' lang='lat' dir='ltr'><strong>Vs.</strong></span> <span class='ocrx_word' id='word_1_4' title='bbox 864 164 936 206; x_wconf 75' lang='lat' dir='ltr'><strong>llv</strong></span> <span class='ocrx_word' id='word_1_5' title='bbox 969 167 1019 205; x_wconf 79' lang='lat' dir='ltr'><strong>ot</strong></span> <span class='ocrx_word' id='word_1_6' title='bbox 1053 162 1128 204; x_wconf 83' lang='lat'><strong>12.</strong></span> <span class='ocrx_word' id='word_1_7' title='bbox 1478 161 1533 203; x_wconf 80' lang='lat'><strong>31</strong></span> 
     </span>
    </p>
   </div>
   <div class='ocr_carea' id='block_1_2' title="bbox 45 269 1538 2874">
    <p class='ocr_par' dir='ltr' id='par_1_2' title="bbox 45 269 1538 2874">
     <span class='ocr_line' id='line_1_2' title="bbox 99 269 1535 331; baseline -0.006 -12"><span class='ocrx_word' id='word_1_8' title='bbox 99 291 195 320; x_wconf 87' lang='lat' dir='ltr'><strong>uam</strong></span> <span class='ocrx_word' id='word_1_9' title='bbox 216 275 489 331; x_wconf 75' lang='lat' dir='ltr'><em>impensae</em></span> <span class='ocrx_word' id='word_1_10' title='bbox 507 273 754 330; x_wconf 74' lang='lat' dir='ltr'><strong>cupiditatis</strong></span> <span class='ocrx_word' id='word_1_11' title='bbox 772 271 892 314; x_wconf 86' lang='lat' dir='ltr'><strong>notio</strong></span> <span class='ocrx_word' id='word_1_12' title='bbox 912 271 955 313; x_wconf 90' lang='lat' dir='ltr'><strong>iu</strong></span> <span class='ocrx_word' id='word_1_13' title='bbox 975 271 1187 329; x_wconf 78' lang='lat' dir='ltr'>pleraque</span> <span class='ocrx_word' id='word_1_14' title='bbox 1211 269 1304 311; x_wconf 80' lang='lat' dir='ltr'><strong>loca</strong></span> <span class='ocrx_word' id='word_1_15' title='bbox 1318 302 1330 322; x_wconf 91' lang='lat'><strong>,</strong></span> <span class='ocrx_word' id='word_1_16' title='bbox 1365 269 1439 311; x_wconf 86' lang='lat' dir='ltr'><strong>uhi</strong></span> <span class='ocrx_word' id='word_1_17' title='bbox 1465 275 1535 311; x_wconf 76' lang='lat' dir='ltr'><strong>est</strong></span> 
     </span>
     <span class='ocr_line' id='line_1_3' title="bbox 66 326 1536 383; baseline -0.005 -8"><span class='ocrx_word' id='word_1_18' title='bbox 66 331 305 377; x_wconf 65' lang='grc' dir='ltr'><em>επιποθέω</em></span> <span class='ocrx_word' id='word_1_19' title='bbox 320 363 328 379; x_wconf 82' lang='grc'><strong>,</strong></span> <span class='ocrx_word' id='word_1_20' title='bbox 359 330 500 380; x_wconf 81' lang='lat' dir='ltr'><strong>cadit,</strong></span> <span class='ocrx_word' id='word_1_21' title='bbox 532 330 741 373; x_wconf 85' lang='lat' dir='ltr'><strong>nonnulla</strong></span> <span class='ocrx_word' id='word_1_22' title='bbox 763 333 909 371; x_wconf 81' lang='lat' dir='ltr'><strong>tamen</strong></span> <span class='ocrx_word' id='word_1_23' title='bbox 929 332 1055 380; x_wconf 87' lang='lat' dir='ltr'><strong>sunt,</strong></span> <span class='ocrx_word' id='word_1_24' title='bbox 1084 341 1194 383; x_wconf 85' lang='lat' dir='ltr'><strong>quae</strong></span> <span class='ocrx_word' id='word_1_25' title='bbox 1217 326 1337 368; x_wconf 86' lang='lat' dir='ltr'><strong>illam</strong></span> <span class='ocrx_word' id='word_1_26' title='bbox 1360 340 1444 368; x_wconf 91' lang='lat' dir='ltr'><strong>non</strong></span> <span class='ocrx_word' id='word_1_27' title='bbox 1466 341 1536 367; x_wconf 83' lang='lat' dir='ltr'><strong>re-</strong></span> 
     </span>
     <span class='ocr_line' id='line_1_4' title="bbox 64 378 1538 447; baseline -0.005 -15"><span class='ocrx_word' id='word_1_28' title='bbox 64 389 255 447; x_wconf 85' lang='lat' dir='ltr'><strong>cipiant,</strong></span> <span class='ocrx_word' id='word_1_29' title='bbox 292 403 333 432; x_wconf 84' lang='lat' dir='ltr'><strong>v.</strong></span> <span class='ocrx_word' id='word_1_30' title='bbox 360 402 397 431; x_wconf 92' lang='lat' dir='ltr'><strong>c.</strong></span> <span class='ocrx_word' id='word_1_31' title='bbox 431 387 548 432; x_wconf 82' lang='lat' dir='ltr'><strong>Phil.</strong></span> <span class='ocrx_word' id='word_1_32' title='bbox 579 386 674 440; x_wconf 86' lang='lat'><strong>1,8.</strong></span> <span class='ocrx_word' id='word_1_33' title='bbox 709 412 764 419; x_wconf 90' lang='lat'><strong>--</strong></span> <span class='ocrx_word' id='word_1_34' title='bbox 833 381 890 435; x_wconf 83' lang='grc' dir='ltr'><strong>ὡς</strong></span> <span class='ocrx_word' id='word_1_35' title='bbox 921 383 1135 428; x_wconf 70' lang='grc' dir='ltr'><em>ἐπιποθῶ</em></span> <span class='ocrx_word' id='word_1_36' title='bbox 1161 380 1328 432; x_wconf 77' lang='grc' dir='ltr'><em>πάντας</em></span> <span class='ocrx_word' id='word_1_37' title='bbox 1356 378 1467 436; x_wconf 60' lang='grc' dir='ltr'><strong>ὑμᾶς</strong></span> <span class='ocrx_word' id='word_1_38' title='bbox 1493 382 1538 425; x_wconf 77' lang='grc' dir='ltr'><em>ἑν</em></span> 
     </span>
     <span class='ocr_line' id='line_1_5' title="bbox 66 440 1535 501; baseline -0.005 -13"><span class='ocrx_word' id='word_1_39' title='bbox 66 445 334 501; x_wconf 71' lang='grc' dir='ltr'><em>σπλάγχνοις</em></span> <span class='ocrx_word' id='word_1_40' title='bbox 352 442 494 500; x_wconf 72' lang='grc' dir='ltr'><em>Ἰησοῦ</em></span> <span class='ocrx_word' id='word_1_41' title='bbox 520 447 622 500; x_wconf 84' lang='grc' dir='ltr'><em>Χρ..</em></span> <span class='ocrx_word' id='word_1_42' title='bbox 655 468 708 474; x_wconf 85' lang='grc'>-</span> <span class='ocrx_word' id='word_1_43' title='bbox 765 457 831 485; x_wconf 86' lang='lat' dir='ltr'><strong>me</strong></span> <span class='ocrx_word' id='word_1_44' title='bbox 858 457 927 484; x_wconf 76' lang='lat' dir='ltr'><strong>vos</strong></span> <span class='ocrx_word' id='word_1_45' title='bbox 953 455 1096 483; x_wconf 78' lang='lat' dir='ltr'><strong>omnes</strong></span> <span class='ocrx_word' id='word_1_46' title='bbox 1124 440 1330 483; x_wconf 71' lang='lat' dir='ltr'><strong>Christi</strong></span> <span class='ocrx_word' id='word_1_47' title='bbox 1357 453 1535 482; x_wconf 78' lang='lat' dir='ltr'><strong>amore</strong></span> 
     </span>
     <span class='ocr_line' id='line_1_6' title="bbox 65 494 1536 558; baseline -0.005 -13"><span class='ocrx_word' id='word_1_48' title='bbox 65 503 280 558; x_wconf 72' lang='lat' dir='ltr'><em>amplecti.</em></span> <span class='ocrx_word' id='word_1_49' title='bbox 335 501 423 544; x_wconf 77' lang='lat' dir='ltr'><strong>Hic</strong></span> <span class='ocrx_word' id='word_1_50' title='bbox 442 501 556 543; x_wconf 86' lang='lat' dir='ltr'><strong>enim</strong></span> <span class='ocrx_word' id='word_1_51' title='bbox 578 500 723 555; x_wconf 75' lang='lat' dir='ltr'><strong>mayne&#39;</strong></span> <span class='ocrx_word' id='word_1_52' title='bbox 739 503 781 541; x_wconf 88' lang='lat' dir='ltr'><strong>et</strong></span> <span class='ocrx_word' id='word_1_53' title='bbox 800 498 1030 554; x_wconf 72' lang='lat' dir='ltr'><strong>sinyularz&#39;s</strong></span> <span class='ocrx_word' id='word_1_54' title='bbox 1048 497 1210 539; x_wconf 81' lang='lat' dir='ltr'><strong>amoris</strong></span> <span class='ocrx_word' id='word_1_55' title='bbox 1229 496 1437 551; x_wconf 80' lang='lat' dir='ltr'>cogitatio</span> <span class='ocrx_word' id='word_1_56' title='bbox 1458 494 1536 538; x_wconf 89' lang='lat' dir='ltr'><strong>ad-</strong></span> 
     </span>
     <span class='ocr_line' id='line_1_7' title="bbox 61 552 1535 618; baseline -0.003 -16"><span class='ocrx_word' id='word_1_57' title='bbox 61 559 192 618; x_wconf 84' lang='lat' dir='ltr'><strong>jectis</strong></span> <span class='ocrx_word' id='word_1_58' title='bbox 214 573 256 602; x_wconf 78' lang='lat' dir='ltr'><strong>v.</strong></span> <span class='ocrx_word' id='word_1_59' title='bbox 276 556 320 600; x_wconf 77' lang='grc' dir='ltr'><em>ἐν</em></span> <span class='ocrx_word' id='word_1_60' title='bbox 340 554 763 611; x_wconf 67' lang='grc' dir='ltr'><em>σπλάγχνοιςἸησοῦ</em></span> <span class='ocrx_word' id='word_1_61' title='bbox 785 558 870 610; x_wconf 85' lang='grc' dir='ltr'><strong>Χρ.</strong></span> <span class='ocrx_word' id='word_1_62' title='bbox 893 554 1173 611; x_wconf 73' lang='lat' dir='ltr'><strong>exprimitur.</strong></span> <span class='ocrx_word' id='word_1_63' title='bbox 1233 552 1368 597; x_wconf 89' lang='lat' dir='ltr'><strong>Adde</strong></span> <span class='ocrx_word' id='word_1_64' title='bbox 1391 552 1535 597; x_wconf 86' lang='lat' dir='ltr'><strong>Sirac.</strong></span> 
     </span>
     <span class='ocr_line' id='line_1_8' title="bbox 63 607 1535 670; baseline -0.002 -15"><span class='ocrx_word' id='word_1_65' title='bbox 63 616 216 670; x_wconf 82' lang='lat' dir='ltr'><strong>25‚2l.</strong></span> <span class='ocrx_word' id='word_1_66' title='bbox 245 640 302 645; x_wconf 92' lang='lat'>—</span> <span class='ocrx_word' id='word_1_67' title='bbox 359 616 539 669; x_wconf 78' lang='grc' dir='ltr'><em>γυναῖκα</em></span> <span class='ocrx_word' id='word_1_68' title='bbox 560 612 603 655; x_wconf 81' lang='grc' dir='ltr'><em>ἐν</em></span> <span class='ocrx_word' id='word_1_69' title='bbox 631 609 783 653; x_wconf 81' lang='grc' dir='ltr'><em>κάλλει</em></span> <span class='ocrx_word' id='word_1_70' title='bbox 808 611 868 666; x_wconf 73' lang='grc' dir='ltr'><strong>μὴ</strong></span> <span class='ocrx_word' id='word_1_71' title='bbox 898 607 1200 668; x_wconf 66' lang='grc' dir='ltr'><em>ἑπιποθήσῃς.</em></span> <span class='ocrx_word' id='word_1_72' title='bbox 1258 610 1402 653; x_wconf 77' lang='lat' dir='ltr'><strong>Etiam</strong></span> <span class='ocrx_word' id='word_1_73' title='bbox 1423 610 1535 653; x_wconf 86' lang='lat' dir='ltr'><strong>Luc.</strong></span> 
     </span>
     <span class='ocr_line' id='line_1_9' title="bbox 62 665 1535 725; baseline -0.001 -15"><span class='ocrx_word' id='word_1_74' title='bbox 62 672 125 716; x_wconf 75' lang='lat' dir='ltr'><strong>D.</strong></span> <span class='ocrx_word' id='word_1_75' title='bbox 143 673 205 715; x_wconf 82' lang='lat' dir='ltr'><strong>D.</strong></span> <span class='ocrx_word' id='word_1_76' title='bbox 222 669 325 722; x_wconf 82' lang='lat'><strong>4,3‚</strong></span> <span class='ocrx_word' id='word_1_77' title='bbox 354 684 395 713; x_wconf 73' lang='lat' dir='ltr'><strong>v.</strong></span> <span class='ocrx_word' id='word_1_78' title='bbox 418 670 578 710; x_wconf 65' lang='grc' dir='ltr'><em>ποθεῖν</em></span> <span class='ocrx_word' id='word_1_79' title='bbox 596 672 641 710; x_wconf 90' lang='lat' dir='ltr'><strong>et</strong></span> <span class='ocrx_word' id='word_1_80' title='bbox 658 665 902 709; x_wconf 74' lang='grc' dir='ltr'><em>ἐπιποθεῖν</em></span> <span class='ocrx_word' id='word_1_81' title='bbox 921 667 1165 723; x_wconf 88' lang='lat' dir='ltr'><strong>promiscue</strong></span> <span class='ocrx_word' id='word_1_82' title='bbox 1186 672 1431 725; x_wconf 86' lang='lat' dir='ltr'><strong>ponuntur,</strong></span> <span class='ocrx_word' id='word_1_83' title='bbox 1460 666 1535 709; x_wconf 84' lang='lat' dir='ltr'><strong>ubi</strong></span> 
     </span>
     <span class='ocr_line' id='line_1_10' title="bbox 63 720 1535 786; baseline -0.003 -15"><span class='ocrx_word' id='word_1_84' title='bbox 63 728 271 786; x_wconf 76' lang='lat' dir='ltr'><strong>Iuppiter</strong></span> <span class='ocrx_word' id='word_1_85' title='bbox 292 724 616 781; x_wconf 78' lang='lat' dir='ltr'>Ganymedem,</span> <span class='ocrx_word' id='word_1_86' title='bbox 647 724 723 780; x_wconf 91' lang='lat' dir='ltr'><strong>qui</strong></span> <span class='ocrx_word' id='word_1_87' title='bbox 747 723 881 778; x_wconf 11' lang='lat'><strong>[4‚2.71</strong></span> <span class='ocrx_word' id='word_1_88' title='bbox 905 720 1112 765; x_wconf 67' lang='grc' dir='ltr'><em>ἐπόθει</em></span> <span class='ocrx_word' id='word_1_89' title='bbox 1135 723 1210 765; x_wconf 86' lang='grc' dir='ltr'><em>τὸν</em></span> <span class='ocrx_word' id='word_1_90' title='bbox 1229 723 1425 781; x_wconf 83' lang='grc' dir='ltr'><em>πατέρα,</em></span> <span class='ocrx_word' id='word_1_91' title='bbox 1456 723 1535 766; x_wconf 92' lang='lat' dir='ltr'><strong>ad-</strong></span> 
     </span>
     <span class='ocr_line' id='line_1_11' title="bbox 63 776 1538 839; baseline -0.004 -11"><span class='ocrx_word' id='word_1_92' title='bbox 63 798 245 828; x_wconf 88' lang='lat' dir='ltr'><strong>monens</strong></span> <span class='ocrx_word' id='word_1_93' title='bbox 263 779 426 839; x_wconf 70' lang='grc' dir='ltr'><em>θάρρει</em></span> <span class='ocrx_word' id='word_1_94' title='bbox 444 780 600 835; x_wconf 86' lang='grc' dir='ltr'><em>μόνον,</em></span> <span class='ocrx_word' id='word_1_95' title='bbox 641 780 813 836; x_wconf 88' lang='lat' dir='ltr'><strong>inquit,</strong></span> <span class='ocrx_word' id='word_1_96' title='bbox 849 779 924 821; x_wconf 78' lang='grc' dir='ltr'><strong>καὶ</strong></span> <span class='ocrx_word' id='word_1_97' title='bbox 955 780 1147 835; x_wconf 82' lang='grc' dir='ltr'><em>φαιδρος</em></span> <span class='ocrx_word' id='word_1_98' title='bbox 1173 776 1274 823; x_wconf 72' lang='grc' dir='ltr'><em>ἴσθι</em></span> <span class='ocrx_word' id='word_1_99' title='bbox 1301 782 1373 823; x_wconf 84' lang='grc' dir='ltr'><strong>καὶ</strong></span> <span class='ocrx_word' id='word_1_100' title='bbox 1398 781 1538 836; x_wconf 74' lang='grc' dir='ltr'><em>μηδὲν</em></span> 
     </span>
     <span class='ocr_line' id='line_1_12' title="bbox 62 835 1538 892; baseline -0.003 -8"><span class='ocrx_word' id='word_1_101' title='bbox 62 837 345 885; x_wconf 66' lang='grc' dir='ltr'><em>ἐπιπόθει</em></span> <span class='ocrx_word' id='word_1_102' title='bbox 366 839 453 879; x_wconf 83' lang='grc' dir='ltr'><em>τῶν</em></span> <span class='ocrx_word' id='word_1_103' title='bbox 475 837 607 879; x_wconf 82' lang='grc' dir='ltr'><em>κάτω.</em></span> <span class='ocrx_word' id='word_1_104' title='bbox 670 835 902 879; x_wconf 87' lang='lat' dir='ltr'><strong>Postremo</strong></span> <span class='ocrx_word' id='word_1_105' title='bbox 935 849 1070 892; x_wconf 84' lang='lat' dir='ltr'><strong>quum</strong></span> <span class='ocrx_word' id='word_1_106' title='bbox 1093 835 1253 878; x_wconf 86' lang='lat' dir='ltr'><strong>Graeci</strong></span> <span class='ocrx_word' id='word_1_107' title='bbox 1279 838 1401 880; x_wconf 69' lang='lat' dir='ltr'><strong>valde</strong></span> <span class='ocrx_word' id='word_1_108' title='bbox 1424 838 1538 881; x_wconf 74' lang='lat' dir='ltr'><strong>desi-</strong></span> 
     </span>
     <span class='ocr_line' id='line_1_13' title="bbox 59 889 1536 950; baseline -0.004 -8"><span class='ocrx_word' id='word_1_109' title='bbox 59 899 257 942; x_wconf 58' lang='lat' dir='ltr'><strong>dev-atzam</strong></span> <span class='ocrx_word' id='word_1_110' title='bbox 283 894 480 937; x_wconf 82' lang='lat' dir='ltr'><strong>dixerint</strong></span> <span class='ocrx_word' id='word_1_111' title='bbox 505 889 840 950; x_wconf 72' lang='grc' dir='ltr'><em>περιπόθητον,</em></span> <span class='ocrx_word' id='word_1_112' title='bbox 874 895 1212 935; x_wconf 81' lang='lat' dir='ltr'><strong>consentaneum</strong></span> <span class='ocrx_word' id='word_1_113' title='bbox 1240 892 1437 948; x_wconf 79' lang='lat' dir='ltr'><strong>videtur,</strong></span> <span class='ocrx_word' id='word_1_114' title='bbox 1478 894 1536 936; x_wconf 86' lang='lat' dir='ltr'><strong>iis</strong></span> 
     </span>
     <span class='ocr_line' id='line_1_14' title="bbox 59 948 1536 1006; baseline -0.003 -8"><span class='ocrx_word' id='word_1_115' title='bbox 59 954 182 998; x_wconf 78' lang='lat' dir='ltr'><strong>valde</strong></span> <span class='ocrx_word' id='word_1_116' title='bbox 197 952 440 996; x_wconf 75' lang='lat' dir='ltr'><strong>desiderare</strong></span> <span class='ocrx_word' id='word_1_117' title='bbox 457 951 652 994; x_wconf 85' lang='lat' dir='ltr'><strong>valuisse</strong></span> <span class='ocrx_word' id='word_1_118' title='bbox 672 965 773 1006; x_wconf 85' lang='grc' dir='ltr'><em>περ</em></span> <span class='ocrx_word' id='word_1_119' title='bbox 786 951 990 999; x_wconf 71' lang='grc' dir='ltr'><em>ιποθεῖν,</em></span> <span class='ocrx_word' id='word_1_120' title='bbox 1016 963 1101 991; x_wconf 90' lang='lat' dir='ltr'><strong>non</strong></span> <span class='ocrx_word' id='word_1_121' title='bbox 1124 948 1146 991; x_wconf 80' lang='grc' dir='ltr'><strong>ἐ</strong></span> <span class='ocrx_word' id='word_1_122' title='bbox 1157 964 1191 991; x_wconf 88' lang='grc' dir='ltr'><em>π</em></span> <span class='ocrx_word' id='word_1_123' title='bbox 1204 952 1402 993; x_wconf 66' lang='grc' dir='ltr'><em>ιποθεῖν.</em></span> <span class='ocrx_word' id='word_1_124' title='bbox 1445 951 1536 994; x_wconf 75' lang='lat' dir='ltr'><strong>His</strong></span> 
     </span>
     <span class='ocr_line' id='line_1_15' title="bbox 59 1005 1536 1064; baseline -0.002 -11"><span class='ocrx_word' id='word_1_125' title='bbox 59 1011 217 1054; x_wconf 80' lang='lat' dir='ltr'><strong>duetus</strong></span> <span class='ocrx_word' id='word_1_126' title='bbox 236 1009 509 1064; x_wconf 78' lang='lat' dir='ltr'><strong>argumentis</strong></span> <span class='ocrx_word' id='word_1_127' title='bbox 530 1007 772 1050; x_wconf 71' lang='grc' dir='ltr'><em>ἐπιποθεῖν</em></span> <span class='ocrx_word' id='word_1_128' title='bbox 789 1021 815 1049; x_wconf 79' lang='lat' dir='ltr'><strong>a</strong></span> <span class='ocrx_word' id='word_1_129' title='bbox 835 1008 998 1048; x_wconf 76' lang='grc' dir='ltr'><em>ποθεῖν</em></span> <span class='ocrx_word' id='word_1_130' title='bbox 1013 1021 1100 1048; x_wconf 89' lang='lat' dir='ltr'><strong>non</strong></span> <span class='ocrx_word' id='word_1_131' title='bbox 1119 1020 1254 1048; x_wconf 89' lang='lat' dir='ltr'><strong>sensu</strong></span> <span class='ocrx_word' id='word_1_132' title='bbox 1273 1005 1443 1049; x_wconf 85' lang='lat' dir='ltr'><strong>distare</strong></span> <span class='ocrx_word' id='word_1_133' title='bbox 1461 1022 1536 1050; x_wconf 85' lang='lat' dir='ltr'><strong>ar-</strong></span> 
     </span>
     <span class='ocr_line' id='line_1_16' title="bbox 60 1062 1534 1120; baseline -0.003 -9"><span class='ocrx_word' id='word_1_134' title='bbox 60 1068 226 1120; x_wconf 84' lang='lat' dir='ltr'><strong>bitror,</strong></span> <span class='ocrx_word' id='word_1_135' title='bbox 274 1064 353 1107; x_wconf 89' lang='lat' dir='ltr'><strong>sed</strong></span> <span class='ocrx_word' id='word_1_136' title='bbox 380 1079 432 1107; x_wconf 90' lang='lat' dir='ltr'><strong>eo</strong></span> <span class='ocrx_word' id='word_1_137' title='bbox 455 1062 781 1116; x_wconf 88' lang='lat' dir='ltr'><strong>tantummodo,</strong></span> <span class='ocrx_word' id='word_1_138' title='bbox 829 1062 945 1119; x_wconf 85' lang='lat' dir='ltr'><strong>quod</strong></span> <span class='ocrx_word' id='word_1_139' title='bbox 974 1064 1208 1120; x_wconf 86' lang='lat' dir='ltr'><strong>utriusque</strong></span> <span class='ocrx_word' id='word_1_140' title='bbox 1236 1077 1277 1107; x_wconf 79' lang='lat' dir='ltr'><strong>v.</strong></span> <span class='ocrx_word' id='word_1_141' title='bbox 1308 1068 1534 1107; x_wconf 73' lang='lat' dir='ltr'><strong>structura</strong></span> 
     </span>
     <span class='ocr_line' id='line_1_17' title="bbox 59 1119 1535 1179; baseline -0.003 -11"><span class='ocrx_word' id='word_1_142' title='bbox 59 1129 203 1168; x_wconf 87' lang='lat' dir='ltr'><strong>mente</strong></span> <span class='ocrx_word' id='word_1_143' title='bbox 222 1123 356 1164; x_wconf 85' lang='lat' dir='ltr'><strong>aliter</strong></span> <span class='ocrx_word' id='word_1_144' title='bbox 374 1123 695 1179; x_wconf 77' lang='lat' dir='ltr'><strong>conciperetur.</strong></span> <span class='ocrx_word' id='word_1_145' title='bbox 755 1119 933 1178; x_wconf 77' lang='lat' dir='ltr'><strong>Quippe</strong></span> <span class='ocrx_word' id='word_1_146' title='bbox 953 1123 1114 1163; x_wconf 73' lang='grc' dir='ltr'><em>ποθεῖν</em></span> <span class='ocrx_word' id='word_1_147' title='bbox 1132 1135 1228 1162; x_wconf 92' lang='lat' dir='ltr'><strong>cum</strong></span> <span class='ocrx_word' id='word_1_148' title='bbox 1244 1121 1412 1165; x_wconf 80' lang='lat' dir='ltr'><strong>Aecus.</strong></span> <span class='ocrx_word' id='word_1_149' title='bbox 1432 1137 1535 1179; x_wconf 88' lang='lat' dir='ltr'><strong>per-</strong></span> 
     </span>
     <span class='ocr_line' id='line_1_18' title="bbox 60 1177 1533 1234; baseline -0.002 -10"><span class='ocrx_word' id='word_1_150' title='bbox 60 1194 194 1224; x_wconf 84' lang='lat' dir='ltr'><strong>sonae</strong></span> <span class='ocrx_word' id='word_1_151' title='bbox 210 1179 282 1222; x_wconf 77' lang='lat' dir='ltr'><strong>vel</strong></span> <span class='ocrx_word' id='word_1_152' title='bbox 300 1179 366 1220; x_wconf 83' lang='lat' dir='ltr'><strong>rei</strong></span> <span class='ocrx_word' id='word_1_153' title='bbox 385 1184 455 1221; x_wconf 92' lang='lat' dir='ltr'><strong>est</strong></span> <span class='ocrx_word' id='word_1_154' title='bbox 474 1178 705 1230; x_wconf 71' lang='lat' dir='ltr'><strong>desiderio,</strong></span> <span class='ocrx_word' id='word_1_155' title='bbox 736 1192 773 1220; x_wconf 83' lang='lat' dir='ltr'><strong>S.</strong></span> <span class='ocrx_word' id='word_1_156' title='bbox 793 1191 960 1229; x_wconf 78' lang='lat' dir='ltr'><strong>amore,</strong></span> <span class='ocrx_word' id='word_1_157' title='bbox 989 1178 1175 1233; x_wconf 73' lang='lat' dir='ltr'><strong>aliquem</strong></span> <span class='ocrx_word' id='word_1_158' title='bbox 1194 1177 1409 1234; x_wconf 85' lang='lat' dir='ltr'><strong>(aliquid)</strong></span> <span class='ocrx_word' id='word_1_159' title='bbox 1430 1193 1533 1221; x_wconf 82' lang='lat' dir='ltr'><strong>am—</strong></span> 
     </span>
     <span class='ocr_line' id='line_1_19' title="bbox 55 1232 1533 1294; baseline -0.002 -14"><span class='ocrx_word' id='word_1_160' title='bbox 55 1236 250 1294; x_wconf 49' lang='lat' dir='ltr'><strong>plecta}</strong></span> <span class='ocrx_word' id='word_1_161' title='bbox 289 1233 371 1277; x_wconf 90' lang='lat' dir='ltr'><strong>sed</strong></span> <span class='ocrx_word' id='word_1_162' title='bbox 396 1233 639 1278; x_wconf 68' lang='grc' dir='ltr'><em>ἐπιποθεῖν</em></span> <span class='ocrx_word' id='word_1_163' title='bbox 661 1249 706 1275; x_wconf 87' lang='grc' dir='ltr'><strong>τι</strong></span> <span class='ocrx_word' id='word_1_164' title='bbox 734 1235 778 1287; x_wconf 89' lang='lat'><strong>[1</strong></span> <span class='ocrx_word' id='word_1_165' title='bbox 808 1232 928 1277; x_wconf 88' lang='lat' dir='ltr'><strong>Petr.</strong></span> <span class='ocrx_word' id='word_1_166' title='bbox 946 1233 1068 1288; x_wconf 84' lang='lat'><strong>2‚2.;</strong></span> <span class='ocrx_word' id='word_1_167' title='bbox 1105 1232 1190 1276; x_wconf 67' lang='lat' dir='ltr'><strong>huc</strong></span> <span class='ocrx_word' id='word_1_168' title='bbox 1220 1234 1353 1277; x_wconf 87' lang='lat' dir='ltr'><strong>etiam</strong></span> <span class='ocrx_word' id='word_1_169' title='bbox 1383 1234 1533 1278; x_wconf 86' lang='lat' dir='ltr'><strong>redire</strong></span> 
     </span>
     <span class='ocr_line' id='line_1_20' title="bbox 57 1289 1535 1346; baseline -0.001 -9"><span class='ocrx_word' id='word_1_170' title='bbox 57 1297 324 1338; x_wconf 76' lang='lat' dir='ltr'><strong>structuram</strong></span> <span class='ocrx_word' id='word_1_171' title='bbox 347 1290 588 1334; x_wconf 75' lang='grc' dir='ltr'><em>ἑπιποθεῖν</em></span> <span class='ocrx_word' id='word_1_172' title='bbox 606 1305 701 1346; x_wconf 88' lang='lat' dir='ltr'><strong>seq.</strong></span> <span class='ocrx_word' id='word_1_173' title='bbox 724 1289 949 1333; x_wconf 78' lang='lat' dir='ltr'><strong>Infinitive</strong></span> <span class='ocrx_word' id='word_1_174' title='bbox 969 1305 1095 1333; x_wconf 89' lang='lat' dir='ltr'><strong>nemo</strong></span> <span class='ocrx_word' id='word_1_175' title='bbox 1123 1291 1281 1346; x_wconf 87' lang='lat' dir='ltr'><strong>nescit]</strong></span> <span class='ocrx_word' id='word_1_176' title='bbox 1313 1292 1428 1335; x_wconf 89' lang='lat' dir='ltr'><strong>idem</strong></span> <span class='ocrx_word' id='word_1_177' title='bbox 1455 1307 1535 1335; x_wconf 81' lang='lat' dir='ltr'><strong>va-</strong></span> 
     </span>
     <span class='ocr_line' id='line_1_21' title="bbox 56 1344 1532 1407; baseline -0.001 -13"><span class='ocrx_word' id='word_1_178' title='bbox 56 1352 142 1404; x_wconf 92' lang='lat' dir='ltr'><strong>let,</strong></span> <span class='ocrx_word' id='word_1_179' title='bbox 171 1348 288 1407; x_wconf 90' lang='lat' dir='ltr'><strong>quod</strong></span> <span class='ocrx_word' id='word_1_180' title='bbox 307 1345 458 1390; x_wconf 64' lang='grc' dir='ltr'><em>πόῦον</em></span> <span class='ocrx_word' id='word_1_181' title='bbox 477 1345 589 1399; x_wconf 71' lang='grc' dir='ltr'><em>ἔχειν</em></span> <span class='ocrx_word' id='word_1_182' title='bbox 613 1344 707 1389; x_wconf 76' lang='grc' dir='ltr'><em>ἐπί</em></span> <span class='ocrx_word' id='word_1_183' title='bbox 724 1363 767 1389; x_wconf 89' lang='grc' dir='ltr'><strong>τι</strong></span> <span class='ocrx_word' id='word_1_184' title='bbox 784 1347 1039 1390; x_wconf 74' lang='lat' dir='ltr'><strong>desiderium</strong></span> <span class='ocrx_word' id='word_1_185' title='bbox 1080 1363 1174 1391; x_wconf 83' lang='lat' dir='ltr'><strong>erre</strong></span> <span class='ocrx_word' id='word_1_186' title='bbox 1193 1348 1240 1390; x_wconf 76' lang='lat' dir='ltr'><strong>in</strong></span> <span class='ocrx_word' id='word_1_187' title='bbox 1258 1348 1422 1406; x_wconf 74' lang='lat' dir='ltr'><strong>aliquid</strong></span> <span class='ocrx_word' id='word_1_188' title='bbox 1437 1365 1532 1392; x_wconf 79' lang='lat' dir='ltr'><strong>ver-</strong></span> 
     </span>
     <span class='ocr_line' id='line_1_22' title="bbox 55 1401 1534 1463; baseline -0.003 -12"><span class='ocrx_word' id='word_1_189' title='bbox 55 1422 151 1450; x_wconf 77' lang='lat' dir='ltr'><strong>sum</strong></span> <span class='ocrx_word' id='word_1_190' title='bbox 167 1408 201 1450; x_wconf 88' lang='lat' dir='ltr'><strong>i.</strong></span> <span class='ocrx_word' id='word_1_191' title='bbox 223 1421 266 1462; x_wconf 88' lang='lat' dir='ltr'><strong>q.</strong></span> <span class='ocrx_word' id='word_1_192' title='bbox 297 1405 541 1447; x_wconf 74' lang='lat' dir='ltr'><strong>desiderare</strong></span> <span class='ocrx_word' id='word_1_193' title='bbox 571 1403 733 1460; x_wconf 76' lang='lat' dir='ltr'><strong>aliquid</strong></span> <span class='ocrx_word' id='word_1_194' title='bbox 762 1405 835 1458; x_wconf 88' lang='lat' dir='ltr'><strong>[cf.</strong></span> <span class='ocrx_word' id='word_1_195' title='bbox 854 1403 1004 1448; x_wconf 83' lang='lat' dir='ltr'><strong>LXX.</strong></span> <span class='ocrx_word' id='word_1_196' title='bbox 1075 1419 1113 1449; x_wconf 84' lang='lat' dir='ltr'><strong>S.</strong></span> <span class='ocrx_word' id='word_1_197' title='bbox 1134 1404 1205 1457; x_wconf 87' lang='lat'><strong>42,</strong></span> <span class='ocrx_word' id='word_1_198' title='bbox 1221 1407 1260 1449; x_wconf 90' lang='lat' dir='ltr'><strong>l.</strong></span> <span class='ocrx_word' id='word_1_199' title='bbox 1287 1401 1337 1447; x_wconf 76' lang='grc' dir='ltr'><em>ὃν</em></span> <span class='ocrx_word' id='word_1_200' title='bbox 1359 1404 1534 1463; x_wconf 84' lang='grc' dir='ltr'><em>τρόπον</em></span> 
     </span>
     <span class='ocr_line' id='line_1_23' title="bbox 57 1456 1532 1517; baseline -0.002 -11"><span class='ocrx_word' id='word_1_201' title='bbox 57 1463 277 1506; x_wconf 68' lang='grc' dir='ltr'><em>ἐπιποθεῖ</em></span> <span class='ocrx_word' id='word_1_202' title='bbox 296 1457 320 1517; x_wconf 79' lang='grc' dir='ltr'>ἡ</span> <span class='ocrx_word' id='word_1_203' title='bbox 342 1458 511 1514; x_wconf 74' lang='grc' dir='ltr'><em>ἔλαφος</em></span> <span class='ocrx_word' id='word_1_204' title='bbox 537 1457 558 1502; x_wconf 81' lang='grc' dir='ltr'><em>ἒ</em></span> <span class='ocrx_word' id='word_1_205' title='bbox 569 1461 630 1501; x_wconf 75' lang='grc' dir='ltr'><em>πὶ</em></span> <span class='ocrx_word' id='word_1_206' title='bbox 656 1457 736 1508; x_wconf 79' lang='grc' dir='ltr'><strong>τὰς</strong></span> <span class='ocrx_word' id='word_1_207' title='bbox 751 1460 897 1516; x_wconf 70' lang='grc' dir='ltr'><em>πηγὰς</em></span> <span class='ocrx_word' id='word_1_208' title='bbox 914 1461 999 1502; x_wconf 78' lang='grc' dir='ltr'><em>τῶν</em></span> <span class='ocrx_word' id='word_1_209' title='bbox 1017 1456 1189 1503; x_wconf 77' lang='grc' dir='ltr'><em>ὑδάτων</em></span> <span class='ocrx_word' id='word_1_210' title='bbox 1206 1464 1293 1516; x_wconf 88' lang='grc'><strong>-.]</strong></span> <span class='ocrx_word' id='word_1_211' title='bbox 1306 1493 1318 1511; x_wconf 85' lang='grc'>,</span> <span class='ocrx_word' id='word_1_212' title='bbox 1358 1460 1532 1504; x_wconf 80' lang='grc' dir='ltr'><em>ἐπιπο-</em></span> 
     </span>
     <span class='ocr_line' id='line_1_24' title="bbox 54 1513 1529 1571; baseline -0.001 -9"><span class='ocrx_word' id='word_1_213' title='bbox 54 1521 155 1562; x_wconf 72' lang='grc' dir='ltr'><em>θεῖν</em></span> <span class='ocrx_word' id='word_1_214' title='bbox 171 1518 269 1561; x_wconf 80' lang='grc' dir='ltr'><em>τινά</em></span> <span class='ocrx_word' id='word_1_215' title='bbox 289 1516 402 1558; x_wconf 87' lang='lat' dir='ltr'><strong>idem</strong></span> <span class='ocrx_word' id='word_1_216' title='bbox 422 1515 640 1568; x_wconf 80' lang='lat' dir='ltr'><strong>declarat,</strong></span> <span class='ocrx_word' id='word_1_217' title='bbox 671 1515 789 1571; x_wconf 89' lang='lat' dir='ltr'><strong>quod</strong></span> <span class='ocrx_word' id='word_1_218' title='bbox 809 1513 957 1558; x_wconf 71' lang='grc' dir='ltr'><em>πόθον</em></span> <span class='ocrx_word' id='word_1_219' title='bbox 976 1516 1084 1569; x_wconf 62' lang='grc' dir='ltr'><em>ἔχειν</em></span> <span class='ocrx_word' id='word_1_220' title='bbox 1105 1516 1183 1560; x_wconf 84' lang='grc' dir='ltr'><em>ε’πί</em></span> <span class='ocrx_word' id='word_1_221' title='bbox 1198 1534 1297 1560; x_wconf 86' lang='grc' dir='ltr'><em>τινα</em></span> <span class='ocrx_word' id='word_1_222' title='bbox 1325 1518 1368 1561; x_wconf 90' lang='lat' dir='ltr'><strong>h.</strong></span> <span class='ocrx_word' id='word_1_223' title='bbox 1390 1533 1429 1561; x_wconf 90' lang='lat' dir='ltr'><strong>e.</strong></span> <span class='ocrx_word' id='word_1_224' title='bbox 1450 1523 1529 1560; x_wconf 86' lang='lat' dir='ltr'><strong>aut</strong></span> 
     </span>
     <span class='ocr_line' id='line_1_25' title="bbox 54 1571 1530 1632; baseline -0.001 -13"><span class='ocrx_word' id='word_1_225' title='bbox 54 1589 244 1619; x_wconf 80' lang='lat' dir='ltr'><strong>amorem</strong></span> <span class='ocrx_word' id='word_1_226' title='bbox 262 1571 402 1628; x_wconf 86' lang='lat' dir='ltr'><strong>[Phil.</strong></span> <span class='ocrx_word' id='word_1_227' title='bbox 424 1572 536 1626; x_wconf 87' lang='lat'><strong>1‚8.]</strong></span> <span class='ocrx_word' id='word_1_228' title='bbox 549 1604 560 1624; x_wconf 80' lang='lat'><strong>,</strong></span> <span class='ocrx_word' id='word_1_229' title='bbox 591 1576 669 1614; x_wconf 87' lang='lat' dir='ltr'><strong>aut</strong></span> <span class='ocrx_word' id='word_1_230' title='bbox 687 1573 942 1615; x_wconf 66' lang='lat' dir='ltr'><strong>desidete&#39;um</strong></span> <span class='ocrx_word' id='word_1_231' title='bbox 961 1572 1099 1629; x_wconf 86' lang='lat' dir='ltr'><strong>[Phil.</strong></span> <span class='ocrx_word' id='word_1_232' title='bbox 1118 1575 1159 1626; x_wconf 85' lang='lat'><strong>2,</strong></span> <span class='ocrx_word' id='word_1_233' title='bbox 1170 1575 1261 1630; x_wconf 86' lang='lat'><strong>26.]</strong></span> <span class='ocrx_word' id='word_1_234' title='bbox 1283 1575 1327 1616; x_wconf 76' lang='lat' dir='ltr'><strong>in</strong></span> <span class='ocrx_word' id='word_1_235' title='bbox 1343 1575 1530 1632; x_wconf 73' lang='lat' dir='ltr'><strong>aliquem</strong></span> 
     </span>
     <span class='ocr_line' id='line_1_26' title="bbox 53 1629 1531 1688; baseline -0.003 -12"><span class='ocrx_word' id='word_1_236' title='bbox 53 1645 221 1676; x_wconf 79' lang='lat' dir='ltr'><strong>versum</strong></span> <span class='ocrx_word' id='word_1_237' title='bbox 234 1645 383 1687; x_wconf 77' lang='lat' dir='ltr'><strong>yerere</strong></span> <span class='ocrx_word' id='word_1_238' title='bbox 399 1629 603 1686; x_wconf 72' lang='lat' dir='ltr'><strong>(aliquem</strong></span> <span class='ocrx_word' id='word_1_239' title='bbox 623 1643 786 1681; x_wconf 64' lang='lat' dir='ltr'><strong>conare,</strong></span> <span class='ocrx_word' id='word_1_240' title='bbox 805 1629 1011 1672; x_wconf 77' lang='lat' dir='ltr'><strong>desiderio</strong></span> <span class='ocrx_word' id='word_1_241' title='bbox 1031 1629 1221 1685; x_wconf 77' lang='lat' dir='ltr'><strong>alicujus</strong></span> <span class='ocrx_word' id='word_1_242' title='bbox 1237 1631 1412 1688; x_wconf 75' lang='lat' dir='ltr'><strong>teneri).</strong></span> <span class='ocrx_word' id='word_1_243' title='bbox 1456 1630 1531 1673; x_wconf 76' lang='grc' dir='ltr'><em>ἵνα</em></span> 
     </span>
     <span class='ocr_line' id='line_1_27' title="bbox 53 1680 1530 1742; baseline -0.001 -11"><span class='ocrx_word' id='word_1_244' title='bbox 53 1705 98 1731; x_wconf 87' lang='grc' dir='ltr'><strong>τι</strong></span> <span class='ocrx_word' id='word_1_245' title='bbox 132 1687 310 1742; x_wconf 79' lang='grc' dir='ltr'><em>μεταδῶ</em></span> <span class='ocrx_word' id='word_1_246' title='bbox 340 1687 536 1741; x_wconf 76' lang='grc' dir='ltr'><em>χάρισμα</em></span> <span class='ocrx_word' id='word_1_247' title='bbox 571 1680 671 1737; x_wconf 74' lang='grc' dir='ltr'><em>ὑμῖν</em></span> <span class='ocrx_word' id='word_1_248' title='bbox 704 1685 1020 1741; x_wconf 85' lang='grc' dir='ltr'><em>πνευματικόν]</em></span> <span class='ocrx_word' id='word_1_249' title='bbox 1052 1686 1343 1740; x_wconf 79' lang='grc' dir='ltr'><em>μεταδιδόναι</em></span> <span class='ocrx_word' id='word_1_250' title='bbox 1371 1685 1460 1729; x_wconf 88' lang='grc' dir='ltr'><em>τινί</em></span> <span class='ocrx_word' id='word_1_251' title='bbox 1483 1703 1530 1729; x_wconf 83' lang='grc' dir='ltr'><strong>τι</strong></span> 
     </span>
     <span class='ocr_line' id='line_1_28' title="bbox 51 1741 1530 1800; baseline -0.001 -12"><span class='ocrx_word' id='word_1_252' title='bbox 51 1745 363 1789; x_wconf 69' lang='lat' dir='ltr'><strong>communicare</strong></span> <span class='ocrx_word' id='word_1_253' title='bbox 401 1741 534 1784; x_wconf 75' lang='lat' dir='ltr'><strong>alicui</strong></span> <span class='ocrx_word' id='word_1_254' title='bbox 562 1741 726 1798; x_wconf 73' lang='lat' dir='ltr'><strong>aliquid</strong></span> <span class='ocrx_word' id='word_1_255' title='bbox 753 1757 833 1800; x_wconf 88' lang='lat' dir='ltr'><strong>pro</strong></span> <span class='ocrx_word' id='word_1_256' title='bbox 862 1743 1002 1797; x_wconf 85' lang='lat' dir='ltr'><strong>magis</strong></span> <span class='ocrx_word' id='word_1_257' title='bbox 1031 1744 1210 1798; x_wconf 83' lang='lat' dir='ltr'><strong>vulgato</strong></span> <span class='ocrx_word' id='word_1_258' title='bbox 1239 1741 1530 1797; x_wconf 79' lang='grc' dir='ltr'><em>μεταδιδόναι</em></span> 
     </span>
     <span class='ocr_line' id='line_1_29' title="bbox 51 1798 1529 1856; baseline 0.001 -12"><span class='ocrx_word' id='word_1_259' title='bbox 51 1799 140 1844; x_wconf 86' lang='grc' dir='ltr'><em>τινί</em></span> <span class='ocrx_word' id='word_1_260' title='bbox 166 1815 285 1849; x_wconf 82' lang='grc' dir='ltr'><em>τινος</em></span> <span class='ocrx_word' id='word_1_261' title='bbox 310 1799 398 1856; x_wconf 88' lang='lat' dir='ltr'><strong>ipsi</strong></span> <span class='ocrx_word' id='word_1_262' title='bbox 418 1798 580 1842; x_wconf 76' lang='lat' dir='ltr'><strong>Graeci</strong></span> <span class='ocrx_word' id='word_1_263' title='bbox 605 1798 772 1855; x_wconf 90' lang='lat' dir='ltr'><strong>passim</strong></span> <span class='ocrx_word' id='word_1_264' title='bbox 801 1798 1034 1852; x_wconf 79' lang='lat' dir='ltr'><strong>dixerunt3</strong></span> <span class='ocrx_word' id='word_1_265' title='bbox 1062 1800 1151 1843; x_wconf 82' lang='lat' dir='ltr'><strong>vid.</strong></span> <span class='ocrx_word' id='word_1_266' title='bbox 1172 1800 1396 1843; x_wconf 74' lang='lat' dir='ltr'><strong>DIattln&#39;ae</strong></span> <span class='ocrx_word' id='word_1_267' title='bbox 1422 1803 1529 1854; x_wconf 58' lang='lat' dir='ltr'><strong>oussf.</strong></span> 
     </span>
     <span class='ocr_line' id='line_1_30' title="bbox 52 1855 1528 1914; baseline -0.003 -10"><span class='ocrx_word' id='word_1_268' title='bbox 52 1872 112 1914; x_wconf 70' lang='lat' dir='ltr'><strong>gt.</strong></span> <span class='ocrx_word' id='word_1_269' title='bbox 133 1858 210 1905; x_wconf 56' lang='lat' dir='ltr'><strong>&amp;a</strong></span> <span class='ocrx_word' id='word_1_270' title='bbox 230 1855 408 1909; x_wconf 76' lang='lat' dir='ltr'><strong>II,634.</strong></span> <span class='ocrx_word' id='word_1_271' title='bbox 428 1857 485 1900; x_wconf 88' lang='lat' dir='ltr'><strong>el.</strong></span> <span class='ocrx_word' id='word_1_272' title='bbox 508 1857 532 1898; x_wconf 96' lang='lat' dir='ltr'><strong>l</strong></span> <span class='ocrx_word' id='word_1_273' title='bbox 553 1855 718 1899; x_wconf 80' lang='lat' dir='ltr'><strong>Thess,</strong></span> <span class='ocrx_word' id='word_1_274' title='bbox 736 1856 778 1909; x_wconf 86' lang='lat'><strong>2,</strong></span> <span class='ocrx_word' id='word_1_275' title='bbox 788 1856 855 1909; x_wconf 87' lang='lat'><strong>8.,</strong></span> <span class='ocrx_word' id='word_1_276' title='bbox 888 1857 965 1898; x_wconf 90' lang='lat' dir='ltr'><strong>ubi</strong></span> <span class='ocrx_word' id='word_1_277' title='bbox 981 1856 1159 1899; x_wconf 79' lang='lat' dir='ltr'><strong>attende</strong></span> <span class='ocrx_word' id='word_1_278' title='bbox 1177 1856 1234 1899; x_wconf 82' lang='lat' dir='ltr'><strong>ad</strong></span> <span class='ocrx_word' id='word_1_279' title='bbox 1252 1871 1431 1911; x_wconf 86' lang='lat' dir='ltr'><strong>zeugma</strong></span> <span class='ocrx_word' id='word_1_280' title='bbox 1446 1872 1456 1901; x_wconf 89' lang='lat'>:</span> <span class='ocrx_word' id='word_1_281' title='bbox 1472 1883 1528 1889; x_wconf 90' lang='lat'><strong>—</strong></span> 
     </span>
     <span class='ocr_line' id='line_1_31' title="bbox 51 1909 1528 1969; baseline 0 -13"><span class='ocrx_word' id='word_1_282' title='bbox 51 1912 315 1966; x_wconf 74' lang='grc' dir='ltr'><em>εὐδοκοῦμεν</em></span> <span class='ocrx_word' id='word_1_283' title='bbox 340 1912 682 1966; x_wconf 84' lang='grc' dir='ltr'><em>μεταδοῦναι</em></span> <span class='ocrx_word' id='word_1_284' title='bbox 720 1909 819 1965; x_wconf 79' lang='grc' dir='ltr'><em>ὑμῖν</em></span> <span class='ocrx_word' id='word_1_285' title='bbox 846 1909 899 1955; x_wconf 77' lang='grc' dir='ltr'><em>οὗ</em></span> <span class='ocrx_word' id='word_1_286' title='bbox 924 1909 1059 1966; x_wconf 85' lang='grc' dir='ltr'><em>μόνον</em></span> <span class='ocrx_word' id='word_1_287' title='bbox 1083 1913 1134 1956; x_wconf 88' lang='grc' dir='ltr'><strong>τὸ</strong></span> <span class='ocrx_word' id='word_1_288' title='bbox 1165 1911 1419 1969; x_wconf 69' lang='grc' dir='ltr'><em>εὐαγγέλιον</em></span> <span class='ocrx_word' id='word_1_289' title='bbox 1447 1916 1528 1956; x_wconf 87' lang='grc' dir='ltr'><em>τοῦ</em></span> 
     </span>
     <span class='ocr_line' id='line_1_32' title="bbox 49 1964 1525 2026; baseline -0.001 -15"><span class='ocrx_word' id='word_1_290' title='bbox 49 1971 186 2019; x_wconf 67' lang='grc' dir='ltr'><em>θεοῦ,</em></span> <span class='ocrx_word' id='word_1_291' title='bbox 235 1966 376 2012; x_wconf 78' lang='grc' dir='ltr'><em>ἀλλὰ</em></span> <span class='ocrx_word' id='word_1_292' title='bbox 407 1967 624 2018; x_wconf 78' lang='grc' dir='ltr'><em>καὶτὰς</em></span> <span class='ocrx_word' id='word_1_293' title='bbox 654 1964 861 2010; x_wconf 73' lang='grc' dir='ltr'><em>ἑαυτῶν</em></span> <span class='ocrx_word' id='word_1_294' title='bbox 891 1967 1068 2025; x_wconf 76' lang='grc' dir='ltr'><em>ψυχὰς</em></span> <span class='ocrx_word' id='word_1_295' title='bbox 1097 1969 1216 2026; x_wconf 88' lang='lat' dir='ltr'><strong>(scil.</strong></span> <span class='ocrx_word' id='word_1_296' title='bbox 1247 1984 1331 2011; x_wconf 88' lang='lat' dir='ltr'><strong>nou</strong></span> <span class='ocrx_word' id='word_1_297' title='bbox 1358 1985 1525 2023; x_wconf 62' lang='lat' dir='ltr'><strong>Ausva—</strong></span> 
     </span>
     <span class='ocr_line' id='line_1_33' title="bbox 50 2022 1524 2083; baseline -0.001 -14"><span class='ocrx_word' id='word_1_298' title='bbox 50 2027 226 2075; x_wconf 84' lang='grc' dir='ltr'><em>δοῦναι,</em></span> <span class='ocrx_word' id='word_1_299' title='bbox 259 2025 340 2068; x_wconf 91' lang='lat' dir='ltr'><strong>sed</strong></span> <span class='ocrx_word' id='word_1_300' title='bbox 358 2026 646 2082; x_wconf 80' lang='grc' dir='ltr'><em>προδοῦναι)</em></span> <span class='ocrx_word' id='word_1_301' title='bbox 675 2052 738 2066; x_wconf 90' lang='grc'><strong>-.</strong></span> <span class='ocrx_word' id='word_1_302' title='bbox 798 2022 1111 2082; x_wconf 84' lang='grc' dir='ltr'><em>πνευματικόν]</em></span> <span class='ocrx_word' id='word_1_303' title='bbox 1144 2027 1443 2083; x_wconf 85' lang='lat' dir='ltr'><strong>Conqueritur</strong></span> <span class='ocrx_word' id='word_1_304' title='bbox 1469 2025 1524 2068; x_wconf 78' lang='lat' dir='ltr'><strong>de</strong></span> 
     </span>
     <span class='ocr_line' id='line_1_34' title="bbox 50 2081 1524 2142; baseline -0.001 -16"><span class='ocrx_word' id='word_1_305' title='bbox 50 2083 180 2142; x_wconf 87' lang='lat' dir='ltr'><strong>hujus</strong></span> <span class='ocrx_word' id='word_1_306' title='bbox 210 2097 302 2127; x_wconf 80' lang='lat' dir='ltr'><strong>voe.</strong></span> <span class='ocrx_word' id='word_1_307' title='bbox 329 2082 616 2137; x_wconf 83' lang='lat' dir='ltr'><strong>ambiguitate</strong></span> <span class='ocrx_word' id='word_1_308' title='bbox 635 2081 912 2126; x_wconf 66' lang='lat' dir='ltr'><strong>Rueclcertus.</strong></span> <span class='ocrx_word' id='word_1_309' title='bbox 972 2082 1088 2124; x_wconf 85' lang='lat' dir='ltr'><strong>Nam</strong></span> <span class='ocrx_word' id='word_1_310' title='bbox 1118 2098 1249 2140; x_wconf 88' lang='lat' dir='ltr'><strong>quum</strong></span> <span class='ocrx_word' id='word_1_311' title='bbox 1276 2098 1524 2136; x_wconf 82' lang='grc' dir='ltr'><em>πνευματι-</em></span> 
     </span>
     <span class='ocr_line' id='line_1_35' title="bbox 50 2135 1527 2196; baseline 0 -16"><span class='ocrx_word' id='word_1_312' title='bbox 50 2136 126 2181; x_wconf 84' lang='grc' dir='ltr'><em>κόν</em></span> <span class='ocrx_word' id='word_1_313' title='bbox 144 2139 188 2182; x_wconf 87' lang='lat' dir='ltr'><strong>vi</strong></span> <span class='ocrx_word' id='word_1_314' title='bbox 205 2139 528 2182; x_wconf 83' lang='lat' dir='ltr'><strong>terminationis</strong></span> <span class='ocrx_word' id='word_1_315' title='bbox 547 2137 594 2180; x_wconf 89' lang='lat' dir='ltr'><strong>id</strong></span> <span class='ocrx_word' id='word_1_316' title='bbox 612 2138 864 2193; x_wconf 85' lang='lat' dir='ltr'><strong>significare</strong></span> <span class='ocrx_word' id='word_1_317' title='bbox 883 2138 1055 2193; x_wconf 87' lang='lat' dir='ltr'><strong>debeat,</strong></span> <span class='ocrx_word' id='word_1_318' title='bbox 1076 2140 1192 2196; x_wconf 88' lang='lat' dir='ltr'><strong>quod</strong></span> <span class='ocrx_word' id='word_1_319' title='bbox 1210 2144 1286 2182; x_wconf 85' lang='lat' dir='ltr'><strong>aut</strong></span> <span class='ocrx_word' id='word_1_320' title='bbox 1295 2141 1373 2181; x_wconf 82' lang='grc' dir='ltr'><em>τοῦ</em></span> <span class='ocrx_word' id='word_1_321' title='bbox 1385 2135 1527 2180; x_wconf 70' lang='grc' dir='ltr'><em>πνεύ-</em></span> 
     </span>
     <span class='ocr_line' id='line_1_36' title="bbox 48 2193 1528 2254; baseline 0 -18"><span class='ocrx_word' id='word_1_322' title='bbox 48 2210 187 2248; x_wconf 83' lang='grc' dir='ltr'><em>ματος</em></span> <span class='ocrx_word' id='word_1_323' title='bbox 202 2195 394 2239; x_wconf 90' lang='lat' dir='ltr'><strong>indolem</strong></span> <span class='ocrx_word' id='word_1_324' title='bbox 412 2197 603 2248; x_wconf 86' lang='lat' dir='ltr'><strong>referat,</strong></span> <span class='ocrx_word' id='word_1_325' title='bbox 634 2199 709 2236; x_wconf 83' lang='lat' dir='ltr'><strong>aut</strong></span> <span class='ocrx_word' id='word_1_326' title='bbox 728 2209 752 2236; x_wconf 88' lang='lat' dir='ltr'><strong>a</strong></span> <span class='ocrx_word' id='word_1_327' title='bbox 771 2197 831 2251; x_wconf 74' lang='grc' dir='ltr'><strong>τῷ</strong></span> <span class='ocrx_word' id='word_1_328' title='bbox 853 2193 1069 2247; x_wconf 81' lang='grc' dir='ltr'><em>πνεύματι</em></span> <span class='ocrx_word' id='word_1_329' title='bbox 1089 2197 1332 2254; x_wconf 83' lang='lat' dir='ltr'><strong>profectum</strong></span> <span class='ocrx_word' id='word_1_330' title='bbox 1355 2195 1416 2236; x_wconf 88' lang='lat' dir='ltr'><strong>sit</strong></span> <span class='ocrx_word' id='word_1_331' title='bbox 1445 2195 1528 2251; x_wconf 57' lang='lat' dir='ltr'><strong>[ef.</strong></span> 
     </span>
     <span class='ocr_line' id='line_1_37' title="bbox 49 2251 1521 2309; baseline -0.001 -16"><span class='ocrx_word' id='word_1_332' title='bbox 49 2252 218 2295; x_wconf 66' lang='lat' dir='ltr'><strong>Barim.</strong></span> <span class='ocrx_word' id='word_1_333' title='bbox 235 2255 340 2307; x_wconf 51' lang='lat' dir='ltr'><strong>antif,</strong></span> <span class='ocrx_word' id='word_1_334' title='bbox 358 2267 416 2309; x_wconf 71' lang='lat' dir='ltr'><strong>gr.</strong></span> <span class='ocrx_word' id='word_1_335' title='bbox 437 2256 516 2301; x_wconf 58' lang='grc' dir='ltr'><strong>(ὃν,</strong></span> <span class='ocrx_word' id='word_1_336' title='bbox 536 2251 757 2306; x_wconf 76' lang='lat' dir='ltr'><strong>II‚339.],</strong></span> <span class='ocrx_word' id='word_1_337' title='bbox 786 2251 836 2292; x_wconf 75' lang='grc' dir='ltr'><strong>τὸ</strong></span> <span class='ocrx_word' id='word_1_338' title='bbox 857 2254 1028 2306; x_wconf 79' lang='grc' dir='ltr'><em>πνεῦμα</em></span> <span class='ocrx_word' id='word_1_339' title='bbox 1049 2259 1194 2295; x_wconf 85' lang='lat' dir='ltr'><strong>autem</strong></span> <span class='ocrx_word' id='word_1_340' title='bbox 1214 2258 1306 2295; x_wconf 90' lang='lat' dir='ltr'><strong>tum</strong></span> <span class='ocrx_word' id='word_1_341' title='bbox 1329 2252 1521 2303; x_wconf 80' lang='lat' dir='ltr'><strong>hominis</strong></span> 
     </span>
     <span class='ocr_line' id='line_1_38' title="bbox 50 2305 1520 2366; baseline 0.001 -18"><span class='ocrx_word' id='word_1_342' title='bbox 50 2311 263 2360; x_wconf 84' lang='lat' dir='ltr'><strong>mentem,</strong></span> <span class='ocrx_word' id='word_1_343' title='bbox 295 2313 386 2350; x_wconf 87' lang='lat' dir='ltr'><strong>tum</strong></span> <span class='ocrx_word' id='word_1_344' title='bbox 405 2309 597 2352; x_wconf 84' lang='lat' dir='ltr'><strong>divinum</strong></span> <span class='ocrx_word' id='word_1_345' title='bbox 618 2308 824 2365; x_wconf 88' lang='lat' dir='ltr'><strong>spiritum</strong></span> <span class='ocrx_word' id='word_1_346' title='bbox 852 2308 1070 2362; x_wconf 86' lang='lat' dir='ltr'><strong>declaret,</strong></span> <span class='ocrx_word' id='word_1_347' title='bbox 1100 2305 1396 2364; x_wconf 79' lang='grc' dir='ltr'><em>πνευματικόν</em></span> <span class='ocrx_word' id='word_1_348' title='bbox 1419 2323 1520 2366; x_wconf 86' lang='lat' dir='ltr'><strong>per-</strong></span> 
     </span>
     <span class='ocr_line' id='line_1_39' title="bbox 47 2365 1520 2423; baseline 0.001 -17"><span class='ocrx_word' id='word_1_349' title='bbox 47 2366 226 2422; x_wconf 80' lang='lat' dir='ltr'><strong>plexum</strong></span> <span class='ocrx_word' id='word_1_350' title='bbox 246 2378 342 2407; x_wconf 89' lang='lat' dir='ltr'><strong>esse</strong></span> <span class='ocrx_word' id='word_1_351' title='bbox 363 2379 454 2409; x_wconf 76' lang='lat' dir='ltr'><strong>voe.</strong></span> <span class='ocrx_word' id='word_1_352' title='bbox 479 2379 710 2423; x_wconf 79' lang='lat' dir='ltr'><strong>apparere.</strong></span> <span class='ocrx_word' id='word_1_353' title='bbox 760 2365 923 2407; x_wconf 89' lang='lat' dir='ltr'><strong>Verum</strong></span> <span class='ocrx_word' id='word_1_354' title='bbox 943 2366 1060 2407; x_wconf 89' lang='lat' dir='ltr'><strong>enim</strong></span> <span class='ocrx_word' id='word_1_355' title='bbox 1079 2381 1182 2408; x_wconf 78' lang='lat' dir='ltr'><strong>vero</strong></span> <span class='ocrx_word' id='word_1_356' title='bbox 1202 2371 1251 2407; x_wconf 87' lang='lat' dir='ltr'><strong>ut</strong></span> <span class='ocrx_word' id='word_1_357' title='bbox 1269 2380 1362 2408; x_wconf 77' lang='lat' dir='ltr'><strong>voe.</strong></span> <span class='ocrx_word' id='word_1_358' title='bbox 1382 2380 1520 2407; x_wconf 71' lang='lat' dir='ltr'><strong>71ch-</strong></span> 
     </span>
     <span class='ocr_line' id='line_1_40' title="bbox 46 2417 1518 2479; baseline 0.001 -17"><span class='ocrx_word' id='word_1_359' title='bbox 46 2417 234 2474; x_wconf 81' lang='grc' dir='ltr'><em>ματικός</em></span> <span class='ocrx_word' id='word_1_360' title='bbox 252 2421 365 2462; x_wconf 85' lang='lat' dir='ltr'><strong>alias</strong></span> <span class='ocrx_word' id='word_1_361' title='bbox 384 2423 641 2479; x_wconf 82' lang='lat' dir='ltr'><strong>perplexum</strong></span> <span class='ocrx_word' id='word_1_362' title='bbox 663 2421 805 2463; x_wconf 78' lang='lat' dir='ltr'><strong>videri</strong></span> <span class='ocrx_word' id='word_1_363' title='bbox 826 2423 993 2479; x_wconf 87' lang='lat' dir='ltr'><strong>possit,</strong></span> <span class='ocrx_word' id='word_1_364' title='bbox 1034 2427 1151 2464; x_wconf 88' lang='lat' dir='ltr'><strong>certe</strong></span> <span class='ocrx_word' id='word_1_365' title='bbox 1171 2423 1214 2465; x_wconf 87' lang='lat' dir='ltr'><strong>h.</strong></span> <span class='ocrx_word' id='word_1_366' title='bbox 1234 2423 1266 2465; x_wconf 93' lang='lat' dir='ltr'><strong>l.</strong></span> <span class='ocrx_word' id='word_1_367' title='bbox 1295 2422 1417 2463; x_wconf 84' lang='lat' dir='ltr'><strong>nulla</strong></span> <span class='ocrx_word' id='word_1_368' title='bbox 1447 2426 1518 2463; x_wconf 90' lang='lat' dir='ltr'><strong>est</strong></span> 
     </span>
     <span class='ocr_line' id='line_1_41' title="bbox 47 2475 1516 2536; baseline 0.002 -17"><span class='ocrx_word' id='word_1_369' title='bbox 47 2476 145 2536; x_wconf 83' lang='lat' dir='ltr'><strong>ejus</strong></span> <span class='ocrx_word' id='word_1_370' title='bbox 175 2492 264 2520; x_wconf 86' lang='lat' dir='ltr'><strong>voc.</strong></span> <span class='ocrx_word' id='word_1_371' title='bbox 293 2477 574 2532; x_wconf 81' lang='lat' dir='ltr'><strong>ambiguitas.</strong></span> <span class='ocrx_word' id='word_1_372' title='bbox 639 2477 785 2534; x_wconf 73' lang='lat' dir='ltr'><strong>Quum</strong></span> <span class='ocrx_word' id='word_1_373' title='bbox 813 2479 929 2520; x_wconf 87' lang='lat' dir='ltr'><strong>enim</strong></span> <span class='ocrx_word' id='word_1_374' title='bbox 956 2481 1041 2520; x_wconf 79' lang='grc' dir='ltr'><em>τῶν</em></span> <span class='ocrx_word' id='word_1_375' title='bbox 1064 2475 1368 2534; x_wconf 83' lang='grc' dir='ltr'><em>χαρισμάτων,</em></span> <span class='ocrx_word' id='word_1_376' title='bbox 1402 2478 1445 2521; x_wconf 93' lang='lat' dir='ltr'><strong>h.</strong></span> <span class='ocrx_word' id='word_1_377' title='bbox 1476 2494 1516 2522; x_wconf 85' lang='lat' dir='ltr'><strong>o.</strong></span> 
     </span>
     <span class='ocr_line' id='line_1_42' title="bbox 48 2533 1516 2591; baseline 0.001 -15"><span class='ocrx_word' id='word_1_378' title='bbox 48 2533 342 2587; x_wconf 74' lang='lat' dir='ltr'><strong>beneficiorum</strong></span> <span class='ocrx_word' id='word_1_379' title='bbox 359 2535 472 2588; x_wconf 62' lang='lat' dir='ltr'><strong>div„</strong></span> <span class='ocrx_word' id='word_1_380' title='bbox 502 2533 652 2591; x_wconf 75' lang='lat' dir='ltr'><strong>quibus</strong></span> <span class='ocrx_word' id='word_1_381' title='bbox 678 2540 882 2577; x_wconf 74' lang='lat' dir='ltr'><strong>ornentur</strong></span> <span class='ocrx_word' id='word_1_382' title='bbox 906 2535 1092 2577; x_wconf 73' lang='lat' dir='ltr'><strong>homines</strong></span> <span class='ocrx_word' id='word_1_383' title='bbox 1118 2535 1288 2588; x_wconf 65' lang='lat' dir='ltr'><strong>christ„</strong></span> <span class='ocrx_word' id='word_1_384' title='bbox 1325 2534 1516 2590; x_wconf 86' lang='lat' dir='ltr'><strong>largitor</strong></span> 
     </span>
     <span class='ocr_line' id='line_1_43' title="bbox 47 2589 1514 2646; baseline 0.001 -14"><span class='ocrx_word' id='word_1_385' title='bbox 47 2590 108 2632; x_wconf 91' lang='lat' dir='ltr'><strong>sit</strong></span> <span class='ocrx_word' id='word_1_386' title='bbox 133 2595 178 2631; x_wconf 89' lang='lat' dir='ltr'><strong>et</strong></span> <span class='ocrx_word' id='word_1_387' title='bbox 204 2589 431 2646; x_wconf 83' lang='lat' dir='ltr'><strong>praebitor</strong></span> <span class='ocrx_word' id='word_1_388' title='bbox 457 2591 636 2645; x_wconf 69' lang='lat' dir='ltr'><strong>spiritns</strong></span> <span class='ocrx_word' id='word_1_389' title='bbox 661 2605 698 2633; x_wconf 81' lang='lat' dir='ltr'><strong>s.</strong></span> <span class='ocrx_word' id='word_1_390' title='bbox 729 2592 751 2632; x_wconf 92' lang='lat'>1</span> <span class='ocrx_word' id='word_1_391' title='bbox 782 2590 884 2635; x_wconf 87' lang='lat' dir='ltr'><strong>Cor.</strong></span> <span class='ocrx_word' id='word_1_392' title='bbox 916 2591 1198 2643; x_wconf 77' lang='lat'><strong>12,4-11.‚</strong></span> <span class='ocrx_word' id='word_1_393' title='bbox 1235 2592 1514 2633; x_wconf 85' lang='lat' dir='ltr'><strong>manifestum</strong></span> 
     </span>
     <span class='ocr_line' id='line_1_44' title="bbox 46 2643 1513 2705; baseline 0.001 -17"><span class='ocrx_word' id='word_1_394' title='bbox 46 2650 137 2699; x_wconf 83' lang='lat' dir='ltr'><strong>est,</strong></span> <span class='ocrx_word' id='word_1_395' title='bbox 163 2647 359 2702; x_wconf 82' lang='grc' dir='ltr'><em>χάρισμα</em></span> <span class='ocrx_word' id='word_1_396' title='bbox 376 2643 672 2699; x_wconf 80' lang='grc' dir='ltr'><em>πνευματικόν</em></span> <span class='ocrx_word' id='word_1_397' title='bbox 698 2648 847 2688; x_wconf 71' lang='lat' dir='ltr'><strong>valere</strong></span> <span class='ocrx_word' id='word_1_398' title='bbox 875 2648 1028 2689; x_wconf 79' lang='lat' dir='ltr'><strong>donum</strong></span> <span class='ocrx_word' id='word_1_399' title='bbox 1054 2648 1232 2702; x_wconf 74' lang='lat' dir='ltr'><strong>spiritus</strong></span> <span class='ocrx_word' id='word_1_400' title='bbox 1259 2664 1296 2691; x_wconf 75' lang='lat' dir='ltr'><strong>S.</strong></span> <span class='ocrx_word' id='word_1_401' title='bbox 1325 2649 1513 2705; x_wconf 81' lang='lat' dir='ltr'><strong>fallique</strong></span> 
     </span>
     <span class='ocr_line' id='line_1_45' title="bbox 46 2703 1514 2759; baseline 0.002 -15"><span class='ocrx_word' id='word_1_402' title='bbox 46 2717 146 2755; x_wconf 90' lang='lat' dir='ltr'><strong>eos,</strong></span> <span class='ocrx_word' id='word_1_403' title='bbox 176 2703 252 2759; x_wconf 89' lang='lat' dir='ltr'><strong>qui</strong></span> <span class='ocrx_word' id='word_1_404' title='bbox 272 2703 518 2756; x_wconf 73' lang='lat' dir='ltr'><strong>beneficium</strong></span> <span class='ocrx_word' id='word_1_405' title='bbox 539 2703 598 2744; x_wconf 81' lang='lat' dir='ltr'><strong>ml</strong></span> <span class='ocrx_word' id='word_1_406' title='bbox 615 2703 846 2744; x_wconf 75' lang='lat' dir='ltr'><strong>animum</strong></span> <span class='ocrx_word' id='word_1_407' title='bbox 861 2703 1096 2757; x_wconf 76' lang='lat' dir='ltr'><strong>pertinens,</strong></span> <span class='ocrx_word' id='word_1_408' title='bbox 1116 2703 1362 2758; x_wconf 71' lang='lat' dir='ltr'><strong>beneficium</strong></span> <span class='ocrx_word' id='word_1_409' title='bbox 1380 2719 1422 2746; x_wconf 88' lang='lat' dir='ltr'><strong>m</strong></span> <span class='ocrx_word' id='word_1_410' title='bbox 1434 2720 1514 2747; x_wconf 84' lang='lat' dir='ltr'><strong>en-</strong></span> 
     </span>
     <span class='ocr_line' id='line_1_46' title="bbox 45 2759 1512 2816; baseline 0.001 -16"><span class='ocrx_word' id='word_1_411' title='bbox 45 2763 147 2800; x_wconf 76' lang='lat' dir='ltr'><strong>tem</strong></span> <span class='ocrx_word' id='word_1_412' title='bbox 167 2761 287 2802; x_wconf 75' lang='lat' dir='ltr'><strong>alens</strong></span> <span class='ocrx_word' id='word_1_413' title='bbox 304 2759 653 2816; x_wconf 83' lang='lat' dir='ltr'><strong>interpretantur</strong></span> <span class='ocrx_word' id='word_1_414' title='bbox 674 2759 733 2813; x_wconf 79' lang='lat' dir='ltr'><strong>[v.</strong></span> <span class='ocrx_word' id='word_1_415' title='bbox 752 2773 789 2801; x_wconf 90' lang='lat' dir='ltr'><strong>c.</strong></span> <span class='ocrx_word' id='word_1_416' title='bbox 808 2759 1008 2801; x_wconf 77' lang='lat' dir='ltr'><strong>Rosenm.</strong></span> <span class='ocrx_word' id='word_1_417' title='bbox 1027 2759 1189 2803; x_wconf 70' lang='lat' dir='ltr'><strong>Schott.</strong></span> <span class='ocrx_word' id='word_1_418' title='bbox 1209 2761 1278 2805; x_wconf 91' lang='lat' dir='ltr'><strong>ed.</strong></span> <span class='ocrx_word' id='word_1_419' title='bbox 1296 2763 1338 2806; x_wconf 87' lang='lat'><strong>2.</strong></span> <span class='ocrx_word' id='word_1_420' title='bbox 1353 2795 1363 2814; x_wconf 95' lang='lat'><strong>,</strong></span> <span class='ocrx_word' id='word_1_421' title='bbox 1393 2761 1512 2803; x_wconf 76' lang='lat' dir='ltr'><strong>Nao-</strong></span> 
     </span>
     <span class='ocr_line' id='line_1_47' title="bbox 45 2811 1509 2874; baseline 0.003 -20"><span class='ocrx_word' id='word_1_422' title='bbox 45 2814 171 2869; x_wconf 62' lang='lat' dir='ltr'><strong>In&#39;nsL</strong></span> <span class='ocrx_word' id='word_1_423' title='bbox 229 2815 353 2859; x_wconf 84' lang='lat' dir='ltr'><strong>Dicit</strong></span> <span class='ocrx_word' id='word_1_424' title='bbox 371 2821 517 2858; x_wconf 85' lang='lat' dir='ltr'><strong>autem</strong></span> <span class='ocrx_word' id='word_1_425' title='bbox 541 2814 591 2859; x_wconf 87' lang='lat' dir='ltr'><strong>P.</strong></span> <span class='ocrx_word' id='word_1_426' title='bbox 613 2813 810 2857; x_wconf 84' lang='lat' dir='ltr'><strong>modeste</strong></span> <span class='ocrx_word' id='word_1_427' title='bbox 829 2814 870 2857; x_wconf 85' lang='grc' dir='ltr'><strong><em>τί</em></strong></span> <span class='ocrx_word' id='word_1_428' title='bbox 888 2811 1064 2872; x_wconf 84' lang='grc' dir='ltr'><em>χάρισμ.</em></span> <span class='ocrx_word' id='word_1_429' title='bbox 1089 2831 1159 2858; x_wconf 84' lang='grc' dir='ltr'><strong>πν.</strong></span> <span class='ocrx_word' id='word_1_430' title='bbox 1177 2818 1401 2874; x_wconf 74' lang='lat' dir='ltr'><strong>aliquod</strong></span> <span class='ocrx_word' id='word_1_431' title='bbox 1422 2818 1509 2873; x_wconf 74' lang='lat' dir='ltr'><strong>spi-</strong></span> 
     </span>
    </p>
   </div>
   <div class='ocr_carea' id='block_1_3' title="bbox 1557 2588 1583 2609">
    <p class='ocr_par' dir='ltr' id='par_1_3' title="bbox 1557 2588 1583 2609">
     <span class='ocr_line' id='line_1_48' title="bbox 1557 2588 1583 2609; textangle 90"><span class='ocrx_word' id='word_1_432' title='bbox 1557 2588 1583 2609; x_wconf 57' lang='lat' dir='ltr'><strong>XX</strong></span> 
     </span>
    </p>
   </div>
  </div>
 </body>
</html>
