1752 3347
34 550 94 588 x&

31 661 97 708 u

176 88 264 133 400
458 81 840 126 EPISTOLA
888 83 992 125 AD
1031 83 1393 129 ROMANOS

178 197 207 236 2
229 192 332 236 Cor.
349 190 394 244 4,
417 191 510 245 11.)
541 188 655 232 idem
692 189 917 247 epitheton
947 204 1035 233 non
1058 191 1155 233 sine
1183 189 1341 233 idonea
1370 191 1543 234 ratione
1571 195 1660 237 col-

175 249 351 292 locavit.
415 248 467 288 ln
493 251 667 305 promtu
688 252 756 290 est
775 252 944 301 autem,
977 262 1062 304 quo
1089 248 1121 291 l.
1142 248 1236 306 Ap.
1260 248 1304 289 in
1326 248 1404 290 hoc
1425 263 1512 290 uno
1533 262 1661 291 oceu-

177 310 308 363 patus
333 304 416 357 sit,
456 310 505 346 ut
526 305 715 346 lectores
743 318 765 345 a
822 303 1008 346 eccando
1030 305 1227 359 graviter
1252 305 1528 354 absterreat,
1563 320 1660 347 cor-

178 363 327 405 datum
357 360 618 418 scriptorem
650 375 735 402 non
762 319 851 403 alia
871 365 1029 402 ‘mente
1057 361 1171 403 illud
1206 362 1431 419 epitheton
1469 361 1661 419 adjicere

176 420 403 478 potuisse,
441 417 528 460 nisi
561 423 609 460 ut
630 424 865 476 praecepto
893 433 972 459 suo
995 418 1080 460 vim
1112 418 1343 460 additurus
1362 412 1541 462 stultum
1563 434 1661 461 esse

176 480 322 520 facere
355 476 625 517 eontrarium
664 489 713 516 ac
752 476 1029 533 praeceperit
1063 477 1384 520 manifestaret.
1464 476 1662 519 Absurde

178 535 295 577 enim
319 533 445 575 reite
464 533 733 585 committas,
764 532 889 590 cujus
911 534 976 574 vis
1001 533 1134 574 simul
1152 548 1248 575 eum
1269 548 1453 591 corpore
1479 533 1564 574 cito
1587 548 1662 590 pe-

180 593 324 635 ritura
355 590 440 643 sit,
485 595 530 631 et
560 590 893 642 inconsiderate,
931 596 977 631 ut
1008 590 1053 632 in
1079 591 1170 647 Ap.
1198 590 1490 632 similitudine
1520 589 1662 646 persi-

181 653 321 702 stam,
360 647 404 688 in
427 646 602 689 mortali
630 661 812 704 corpore
837 648 1144 702 temporariam
1175 647 1421 700 dominum,
1461 647 1530 688 eui
1560 646 1664 689 ohe·

179 706 296 758 diat,
334 704 490 745 sellam
516 703 681 758 regiam
701 704 917 745 collocare
936 704 1081 756 sinas,
1111 705 1232 745 nullo
1253 704 1488 747 immortali
1512 704 1663 757 menti,

177 763 316 806 multo
337 760 500 820 majore
522 761 623 802 eura
648 760 829 814 dignae,
860 766 1032 802 rectore
1054 761 1275 817 apposito.
1333 760 1407 802 Sic
1428 761 1534 802 mihi
1558 761 1663 802 olim

177 818 426 864 videbatur.
482 817 680 872 (Similia
701 817 865 859 habent
891 818 1060 869 uhta„
1089 818 1237 860 Reich.
1261 822 1305 858 et
1324 817 1533 870 Kodlm).
1574 815 1665 859 Sed

177 891 289 920 nunc
315 875 421 917 mihi
441 889 526 916 non
549 874 729 916 dubium
750 874 946 925 videtur,
979 875 1084 930 quin
1107 880 1150 915 et
1179 869 1204 931 ἡ
1227 871 1445 929 (Λμαρῑία
1461 879 1587 915 acute
1609 873 1665 916 ad

178 935 242 990 τῷ
279 933 380 987 Θεῷ
408 946 448 975 v.
472 933 541 975 13.
581 933 802 973 reseratur
842 936 886 973 et
922 929 967 973 ἐν
1004 933 1066 985 τῷ
1106 933 1291 987 θνητῷ
1332 928 1449 982 ὑμῶν
1491 928 1665 983 σώματι

178 993 275 1048 Ap.
307 989 582 1042 exaraverit,
634 993 682 1030 ut
710 988 816 1030 haec
845 1003 886 1032 v.
919 988 1144 1029 vocabulis
1173 1003 1213 1031 r.
1239 988 1307 1030 13.
1345 982 1402 1036 ὡς
1430 985 1477 1028 ἐκ
1504 988 1666 1042 νεκρῶν

183 1048 346 1101 ζῶντας
367 1045 564 1101 graviter
585 1050 830 1103 opponeret
852 1045 895 1089 h.
921 1059 999 1089 1n.:
1038 1045 1188 1088 Nolite
1203 1049 1460 1099 potestatem
1481 1044 1663 1099 permit-

180 1111 271 1148 tere
295 1104 478 1146 Peccato
512 1103 556 1144 in
583 1107 723 1145 restro
758 1103 990 1144 mortali
1020 1116 1194 1155 corpore
1224 1103 1286 1143 ita
1309 1106 1352 1143 ut
1378 1101 1440 1141 ἰΙΙί
1464 1101 1665 1142 obsecnn-
1713 1151 1718 1154 .

179 1162 291 1204 cletis
310 1163 486 1217 (nempe
513 1159 593 1201 hoe
615 1160 799 1201 stultum
820 1164 913 1212 est,
952 1164 996 1200 et
1028 1159 1131 1215 quia
1163 1156 1482 1200 abominandus
1501 1163 1568 1199 est
1589 1156 1667 1198 do-

178 1219 334 1261 minus·
350 1212 643 1274 [ἡἌμαρτιά]
659 1250 670 1269 ,
715 1232 738 1258 a
778 1232 863 1273 quo
893 1222 1088 1258 vestrum
1117 1230 1279 1273 corpus
1321 1215 1666 1269 segregaveritis

179 1291 221 1319 v.
241 1277 308 1328 6.,
355 1280 398 1317 et
426 1274 630 1330 quoniam
666 1274 743 1330 qui
769 1274 868 1315 huie
896 1274 1146 1315 ministrum
1170 1288 1216 1315 se
1245 1272 1429 1330 praebet
1455 1270 1595 1313 adhuc
1620 1271 1666 1313 in

180 1332 358 1375 mortali
380 1346 564 1387 corpore
595 1331 781 1373 haerere
811 1346 888 1373 nee
911 1331 999 1372 nisi
1021 1330 1222 1388 frayile's,
1269 1344 1380 1386 quae
1413 1330 1546 1370 horae
1575 1343 1667 1370 mo-

180 1393 326 1432 mento
356 1388 477 1429 finiri
508 1388 676 1445 possit,
716 1388 833 1430 vitae
855 1389 1107 1430 meminisse
1128 1386 1336 1442 vidntur).
1397 1385 1456 1428 V.
1481 1387 1550 1429 13.
1582 1385 1668 1428 Sed

183 1447 324 1489 sistite
354 1460 425 1488 vos
454 1446 549 1487 Deo
576 1450 785 1501 {cuiquam
818 1460 886 1487 ex·
918 1445 1147 1488 mortuis
1178 1446 1441 1487 viventes.
1472 1443 1667 1499 (scilicet

179 1504 260 1545 hoc
280 1502 446 1545 cordati
465 1502 712 1545 Christiani
731 1507 798 1545 est
816 1507 908 1544 tum
936 1501 1052 1559 quod
1079 1501 1175 1560 ejus
1197 1502 1331 1543 vitam
1355 1499 1409 1542 ad
1430 1500 1576 1542 Deum
1597 1513 1667 1541 re-

178 1560 288 1602 ferri
302 1563 477 1617 oportet
490 1574 530 1603 V.
546 1562 629 1611 ll„
649 1565 740 1601 tum
752 1560 956 1616 quoniam
971 1561 1049 1601 hoc
1063 1559 1360 1617 pactomentis
1381 1558 1518 1599 aciem
1538 1558 1581 1600 in
1597 1571 1666 1599 re-

180 1618 307 1668 centi,
326 1617 517 1670 perenni,
537 1615 727 1672 denique
740 1619 789 1659 ea
814 1618 919 1669 vita,
936 1614 1669 1671 cuiseseaddixerit(cf.v.3.—9.)

179 1673 373 1728 deligere
395 1672 793 1729 rectejudicatur).
818 1673 979 1727 Magna
998 1679 1066 1715 est
1089 1674 1381 1729 interpretum
1403 1672 1456 1713 de
1478 1670 1669 1728 epitheti

180 1730 376 1786 (θνητῷ)
397 1728 438 1769 vi
459 1727 696 1772 dissensio.
758 1729 924 1782 Chrys„
959 1729 1226 1780 Theodorei„
1254 1728 1502 1781 'I'lwophyl.‚
1524 1728 1667 1778 Grot„

183 1787 384 1829 leolacc.
404 1785 463 1827 al.
484 1799 644 1841 corpus
665 1785 847 1827 mortale
867 1786 1139 1841 appellatum
1162 1800 1260 1826 esse
1283 1783 1491 1834 credunt,
1531 1788 1580 1824 ut
1601 1782 1667 1823 sa-

177 1845 306 1886 cilem
329 1841 480 1899 potius
505 1855 633 1897 quam
653 1841 835 1882 arduam
867 1856 957 1882 rem
976 1841 1063 1882 sibi
1085 1841 1295 1897 imperari
1317 1841 1507 1882 Romani
1529 1837 1670 1879 senti-

178 1903 278 1944 rent
298 1913 403 1940 neve
420 1896 709 1940 formidarent
729 1897 906 1939 labores
928 1896 1042 1938 haud
1063 1911 1169 1939 sane
1186 1896 1443 1939 diuturnos:
1463 1909 1516 1937 ne
1533 1895 1669 1949 igitur

181 1960 447 2016 potestatem
469 1952 702 1997 Peccatum
731 1954 894 1997 hahere
924 1954 1082 1996 sinatis
1111 1954 1157 1995 in
1187 1959 1337 1996 vestro
1367 1953 1541 1996 mortali
1572 1966 1668 1993 eor-

182 2029 292 2074 pore
312 2013 342 2057 i.
363 2028 404 2070 q.
430 2016 576 2054 arcete
599 2012 761 2067 igitur,
792 2013 876 2068 qua
900 2027 972 2063 re,
1005 2026 1137 2069 quum
1158 2017 1353 2053 vestrum
1375 2024 1536 2067 corpus
1557 2023 1670 2052 mor-

181 2072 272 2116 tale
293 2071 377 2123 sit,
419 2084 505 2111 non
525 2070 818 2126 sempiternos
837 2069 1016 2111 labores
1037 2069 1292 2125 suscipietis
1307 2102 1319 2123 ,
1357 2083 1379 2110 a
1402 2074 1549 2109 wstro
1572 2079 1670 2108 cor-

182 2144 290 2188 pore
310 2127 545 2170 Peccatum
578 2126 814 2169 dominum.
880 2125 969 2168 Sed
992 2141 1134 2183 neque
1156 2127 1267 2167 satis
1300 2125 1532 2183 perspicue
1554 2120 1670 2179 quod

182 2187 254 2230 illi
277 2186 427 2228 volunt
447 2184 543 2226 solo
564 2184 821 2240 νοωῦνητῷ
840 2184 1113 2225 enuntiatum
1134 2189 1216 2235 est,
1243 2198 1384 2239 neque
1404 2184 1447 2224 in
1472 2181 1549 2222 hac
1573 2193 1669 2222 ver-

181 2244 336 2286 borum
358 2241 679 2299 complexione,
720 2240 795 2282 ubi
816 2240 1027 2293 Romani,
1059 2245 1106 2282 ut
1132 2239 1317 2282 Peccato
1344 2239 1448 2282 nihil
1474 2237 1559 2280 loci
1582 2237 1670 2279 rel-

1711 1902 1752 2229 fs-ff-Ass-kw.
1729 1865 1747 1891 »e
1737 1810 1743 1818 .
1741 1795 1746 1802 .

181 2302 409 2358 linquant,
448 2303 704 2349 monentur,
743 2298 822 2339 hoc
842 2298 1044 2354 ignavum
1067 2298 1211 2355 placet
1234 2298 1326 2339 sive
1348 2296 1556 2339 solatium
1577 2295 1670 2336 sive
1708 2297 1726 2334 ’ἴ

186 2355 502 2400 admonitionis
520 2361 848 2409 argumentum:
884 2370 966 2398 non
988 2354 1086 2411 fore
1109 2355 1162 2396 11⁶5
1181 2355 1253 2396 diu
1278 2354 1584 2405 laborandum,
1625 2354 1670 2393 et

185 2415 418 2457 manifesta
441 2413 662 2470 oppositio
685 2412 825 2469 perit,
856 2413 941 2468 qua
962 2412 1031 2453 hie
1054 2427 1118 2456 vs.
1139 2411 1193 2452 ad
1218 2411 1455 2452 membrum
1478 2410 1671 2451 affirma·

184 2474 321 2514 tivum
336 2486 375 2515 v.
395 2470 464 2514 13.
485 2468 598 2512 ἀλλὰ
618 2466 935 2525 παρασῑῇσατε
955 2496 1008 2500 —
1033 2468 1194 2520 ζῶντας
1211 2469 1403 2510 refertur
1422 2474 1482 2524 (v.
1497 2482 1546 2508 su
1566 2468 1669 2517 ira).

187 2528 306 2572 Ven.
336 2527 509 2570 Boelvm.
538 2527 616 2582 (cl.
643 2526 864 2569 Scleleusn.
897 2526 1008 2570 Lex.
1034 2525 1071 2578 1,
1097 2527 1225 2570 1074.
1256 2532 1299 2567 et
1331 2526 1450 2580 Oriy.
1480 2523 1535 2565 ad
1593 2523 1670 2575 .l.,

188 2586 312 2645 cujus
331 2585 403 2626 hic
425 2599 598 2640 quoque
621 2582 850 2626 verbosior
883 2599 1010 2640 quam
1037 2583 1201 2625 clarior
1224 2582 1534 2640 interpretatio
1556 2579 1668 2645 esq:

187 2669 282 2698 „—
306 2643 457 2696 θνητῷ
484 2666 540 2673 -
567 2656 663 2682 eum
684 2646 887 2697 respectu
915 2639 970 2682 ad
993 2640 1102 2682 illud
1132 2636 1379 2682 ἀποθανεῖν
1398 2641 1451 2695 τῆ
1475 2636 1667 2690 ἆμαιπιᾳ

190 2707 252 2757 (v.
270 2700 337 2751 2.)
359 2697 520 2739 (lictum
544 2697 715 2740 videtur
738 2713 780 2754 q.
801 2697 844 2741 d.
866 2698 910 2739 in
935 2712 1133 2765 corpore,
1165 2696 1283 2754 quod
1300 2712 1426 2740 sensu
1450 2675 1600 2737 morali
1623 2695 1667 2730 vt

189 2760 337 2816 potest
358 2754 469 2797 mori
490 2759 531 2797 et
549 2756 668 2798 debet
698 2751 785 2811 (ἲ),
825 2769 898 2812 np.
927 2754 1112 2799 devictis
1137 2755 1285 2813 pravis
1308 2747 1668 2812 cupiditatibus.''

1566 2803 1668 2847 Non
