1752 3347
233 183 321 225 202
514 177 898 224 EPISTOLA
929 179 1031 221 AD
1062 176 1424 224 ROMANOS

234 286 462 332 stlatihiae
489 290 595 340 antif.
628 301 684 343 qr.
707 288 784 332 Θτ.
817 301 860 343 p.
882 285 1020 340 550.).
1077 284 1229 340 Πρὸς
1261 283 1375 341 [τὴν]
1409 284 1592 338 ἔνδειξιν
1621 304 1698 346 pro

232 343 318 392 εἰς
352 341 464 400 [τὴν]
497 342 683 393 ἔνδειξιν
710 343 767 384 de
797 342 1014 385 industria
1039 341 1091 386 P.
1123 342 1326 399 scripsit,
1358 343 1401 384 in
1422 357 1462 385 v.
1485 347 1698 400 proximis

232 397 298 450 εἰς
317 398 489 442 diverso
511 415 643 442 sensu
665 400 961 442 collocaturus
991 398 1106 454 (εἰς
1133 398 1184 441 τὸ
1208 393 1318 441 εἶναι
1338 416 1376 441 κ.
1398 415 1436 441 τ.
1458 399 1535 454 λ.).
1599 403 1698 445 Non

231 457 368 513 friget
395 462 540 498 autem
570 457 644 498 illa
678 456 873 516 ejusdem
894 458 1139 499 sententiae
1161 456 1362 508 iteratio,
1394 471 1524 513 quum
1547 473 1697 502 novam

229 514 470 569 praesentis
498 515 703 568 temporis
733 512 800 566 (ἐν
825 515 888 570 τῷ
914 516 989 556 νῦν
1017 516 1180 571 καιρῷ)
1211 514 1431 556 notionem
1462 516 1701 560 contineat.

232 570 358 626 Quae
377 584 428 612 eo
447 570 532 612 fine
552 570 722 630 adjecta
744 577 838 625 est,
868 576 918 613 ut
938 577 1103 628 quanto
1126 572 1285 613 melius
1308 586 1414 613 suae
1436 573 1598 614 aetatis
1621 573 1699 614 ho-

232 627 440 680 minibus,
471 642 600 684 quam
622 628 693 682 iis,
717 629 791 685 qui
813 633 914 671 ante
937 643 985 670 se
1004 633 1191 670 aetatem
1212 629 1422 683 egissent,
1450 628 1576 671 Deus
1599 644 1699 687 pro-

229 685 478 742 spexisset,
506 685 697 727 lectores
719 686 1035 741 intelligerent.
1091 685 1273 728 Scilicet
1295 685 1463 728 Christi
1491 688 1701 743 aequales

228 741 346 784 haud
365 756 468 783 raro
488 741 531 783 in
551 740 611 786 N.
633 742 691 787 Τ.
713 744 927 785 fortunati
951 742 1260 801 praedicantur
1291 748 1525 800 propterea
1541 779 1551 797 ‚
1583 742 1699 800 quod

228 814 362 855 quum
385 798 473 856 ipsi
495 799 692 842 viverent
713 815 838 842 suum
863 801 985 842 Deus
1005 799 1058 842 de
1080 800 1260 842 beandis
1282 801 1532 843 hominibus
1553 801 1607 842 ab
1626 817 1699 842 ae-

226 861 354 898 terno
386 863 559 913 captum
593 858 824 900 consilium
855 858 1033 901 Christo
1063 858 1197 899 misso
1239 864 1510 912 exsequutus
1547 859 1699 902 suerit.

224 912 344 956 Hinc
373 915 485 956 enim
514 916 742 969 cognosci,
773 917 933 971 quanta
957 914 1084 958 Deus
1115 916 1159 956 in
1190 913 1286 972 ejus
1315 915 1477 956 aetatis
1499 914 1698 957 homines

226 972 451 1013 voluntate
492 972 786 1030 propenderet
822 972 1002 1027 (Matth.
1045 972 1122 1024 13,
1155 973 1222 1013 16.
1253 985 1323 1026 sq.
1382 972 1405 1011 1
1438 969 1541 1014 Cor.
1574 973 1624 1025 2,
1652 974 1696 1015 7.

223 1027 365 1072 Hebr.
389 1030 464 1080 ll,
485 1030 559 1072 40.
617 1032 640 1072 1
667 1029 788 1072 Petr.
812 1031 860 1083 1,
881 1030 949 1072 12.
970 1029 1081 1081 20.).
1142 1026 1293 1083 Quare
1324 1041 1481 1069 sensus
1511 1029 1578 1070 hic
1608 1035 1698 1072 est:

226 1090 274 1128 ut
295 1085 622 1139 manifestaret,
657 1087 849 1143 inquam,
882 1086 1160 1127 sanctitatem
1185 1099 1308 1125 suam
1327 1083 1406 1126 hoc
1425 1091 1570 1127 nostro
1590 1092 1696 1128 {em-

221 1157 348 1198 μονα,
378 1157 532 1196 curae,
573 1145 656 1198 qua
688 1159 763 1185 nos
792 1143 1059 1200 respiceret,
1099 1142 1218 1183 mbis
1246 1141 1463 1198 specimen
1496 1142 1696 1187 daturus,

223 1200 344 1242 Male
365 1199 527 1243 Rueck.
548 1206 591 1241 et
619 1200 758 1242 Usteri
775 1200 806 1243 l.
834 1214 871 1242 c.
901 1214 944 1256 p.
969 1201 1066 1243 llo.
1090 1199 1238 1241 verbis
1267 1196 1382 1253 πρὸς
1406 1198 1520 1254 [τὴν]
1552 1199 1698 1243 ἔνδει-

223 1256 290 1307 ξιν
316 1272 352 1298 τ.
384 1257 421 1299 δ.
452 1273 493 1298 α.
519 1254 552 1298 ἐ.
586 1273 623 1297 τ.
650 1273 683 1297 ν.
717 1273 756 1298 κ.
783 1257 1042 1299 sententiam
1071 1271 1112 1299 v.
1132 1257 1203 1299 25.
1234 1256 1506 1313 propositam
1543 1258 1697 1300 iterari

222 1318 407 1368 negant,
453 1313 510 1355 iis
540 1320 714 1370 tempus
743 1328 956 1370 praesens
986 1314 1174 1370 tempori
1199 1313 1506 1371 praeterlapso
1536 1316 1698 1372 opponi

219 1371 445 1413 affirmant
466 1370 509 1413 h.
532 1385 592 1414 S.:
629 1371 776 1412 Deum
798 1386 872 1424 eo,
905 1370 1019 1428 quod
1040 1371 1265 1414 Christum
1294 1370 1516 1413 victimam
1545 1373 1696 1430 piacu-

218 1428 357 1469 larem
377 1427 670 1481 destinasset,
701 1443 823 1470 suam
852 1429 1129 1470 sanctitatem
1154 1427 1380 1469 declarare
1408 1429 1624 1478 voluisse,
1655 1430 1696 1472 si

220 1484 274 1526 de.
292 1486 529 1540 praeterito
549 1490 746 1543 tempore
771 1492 1081 1542 quaereretur,
1111 1487 1212 1526 unia
1240 1490 1421 1538 peccatu
1453 1492 1553 1528 autc,-
1573 1487 1694 1529 Chre·-

219 1547 335 1584 stum
352 1545 534 1595 patrata
552 1557 631 1598 pro
647 1546 728 1584 ,ςιιά
751 1543 984 1597 indnlqcnti
990 1547 1016 1583 12
1034 1527 1176 1583 inulta
1194 1542 1360 1582 sivisset
1383 1538 1479 1596 (διά
1501 1542 1550 1597 τῇ
1560 1560 1579 1583 1·
1598 1541 1693 1584 ,τά-

221 1612 343 1652 ρεσιν
362 1613 400 1639 κ.
418 1612 457 1638 τ.
479 1599 564 1653 L),
594 1599 662 1639 sin
694 1598 749 1639 ad
767 1604 940 1656 tempus
958 1612 1163 1652 praesens
1184 1612 1256 1639 res
1279 1600 1521 1641 referretur
1545 1601 1694 1654 probis

219 1653 493 1697 declarandis
521 1655 601 1704 iis,
631 1657 702 1711 qui
722 1655 888 1698 Christo
912 1655 1041 1709 fidem
1071 1654 1316 1696 habuissent
1348 1653 1414 1705 (ἐν
1431 1659 1485 1711 τῇ
1505 1657 1694 1698 δικαιώ-

219 1725 290 1752 σει
308 1711 393 1751 τῶν
413 1712 745 1764 πιστευόντων).
806 1711 921 1754 Nam
945 1712 1132 1769 primum
1155 1711 1327 1768 quidem
1359 1717 1533 1769 tempus
1561 1728 1692 1770 prac-

217 1782 321 1810 sens
348 1768 536 1824 tempori
562 1769 829 1826 praeterito,
859 1768 975 1824 quod
1005 1783 1057 1810 ne
1090 1775 1372 1810 memoratum
1404 1769 1579 1825 quidem
1609 1777 1695 1822 est,

218 1825 395 1866 minime
417 1823 461 1867 h.
480 1826 513 1868 l.
536 1827 789 1883 opponitur.
850 1825 1023 1868 Deinde
1049 1826 1224 1868 etiamsi
1242 1825 1354 1867 illud
1376 1827 1476 1868 huic
1498 1842 1692 1884 oppone-

219 1886 367 1933 retur,
397 1895 438 1924 v.
472 1882 588 1937 πρὸς
610 1882 723 1938 [τὴν]
754 1881 941 1933 ἔνδειξιν
971 1899 1008 1924 τ.
1040 1884 1122 1924 δικ.
1153 1878 1289 1925 αὑτοῦ
1318 1885 1524 1940 repetitio
1557 1886 1690 1927 inuti-

218 1939 451 1989 lis-esset,
494 1953 626 1994 quum
658 1940 763 1982 haec
794 1939 1012 1981 orationis
1037 1940 1327 1982 conformatio
1361 1943 1692 1997 requireretur:

219 2021 274 2028 -
292 1992 357 2044 εὶς
383 1992 569 2046 ἔνδειξιν
594 1997 672 2052 τῆς
696 1995 976 2052 δικαιοσύνης
1005 1992 1164 2044 αὑτοῦ,
1207 1996 1290 2046 εἰς
1318 1999 1417 2050 μὲν
1454 1994 1546 2039 cciv
1576 2014 1690 2041 πα-

218 2051 381 2096 λαιὸν
407 2051 610 2106 χρόνον
639 2052 713 2095 διὰ
739 2051 820 2110 τήν
848 2050 1038 2109 πάρεσιν
1065 2069 1101 2094 τ.
1132 2069 1261 2109 προγ.
1293 2050 1364 2107 ἅμ.
1391 2053 1424 2097 ἐ.
1447 2070 1483 2098 τ.
1507 2052 1548 2097 ἆ.
1567 2071 1605 2097 τ.
1624 2060 1689 2104 θ..

220 2107 300 2159 εἰς
322 2109 380 2152 δὲ
408 2109 503 2151 τὸν
531 2110 623 2152 νῦν
644 2108 846 2166 καιρὸν
874 2108 919 2152 ἐν
940 2111 1002 2166 τῷ
1026 2110 1102 2151 τὸν
1122 2108 1171 2153 ἐκ
1193 2108 1386 2161 πίστεως
1416 2112 1691 2156 δικαιοῦν.

219 2167 361 2220 Tum,
391 2181 475 2208 non
495 2167 604 2223 quod
622 2169 679 2209 αιί
695 2181 903 2224 praesens
919 2172 1088 2223 tempus
1108 2169 1337 2222 attineret,
1370 2168 1448 2210 sed
1470 2172 1692 2224 praesenti

219 2229 411 2279 tem-pore
443 2220 508 2270 (ἒν
527 2225 590 2279 τῷ
610 2230 683 2267 νῦν
711 2225 874 2280 καιρῷ)
904 2224 1048 2266 Deum
1079 2239 1203 2267 snam
1234 2227 1510 2268 sanctitatem
1543 2233 1692 2269 osten-

217 2281 323 2325 dere
351 2280 546 2323 voluisse
572 2280 622 2325 P.
652 2280 782 2324 dixit.
840 2280 974 2323 Adde
1003 2281 1119 2338 quod
1149 2283 1188 2324 si
1218 2282 1323 2324 illos
1354 2298 1545 2340 sequare.
1564 2300 1604 2328 v.
1624 2283 1691 2335 εἰς

219 2339 270 2381 τὸ
303 2332 415 2379 εἶναι
444 2335 576 2379 αὐτὸν
611 2336 782 2381 δίκαιον
822 2339 994 2381 ratione
1035 2338 1359 2388 destituunturt,
1439 2341 1525 2383 uod
1554 2357 1687 2398 quium

222 2395 441 2438 sensisset
464 2394 646 2448 Rueck„
675 2394 753 2450 τὴν
783 2395 1066 2452 &mamalum
1094 2412 1134 2440 v.
1154 2399 1224 2440 26.
1252 2398 1385 2440 simul
1407 2357 1494 2440 ἰξυῖ
1524 2400 1688 2441 sancti-

222 2457 382 2505 tatem,
418 2451 551 2495 simul
575 2452 867 2494 innocentiam
931 2468 1028 2495 uam
1049 2453 1174 2496 Deus
1205 2455 1454 2497 hominibus
1482 2456 1686 2499 benevole

223 2509 415 2560 largitur
440 2511 589 2552 valere
622 2509 849 2553 confinxit.
899 2468 1141 2553 ‹l’ostremo
1175 2513 1284 2554 mire
1311 2529 1417 2556 sane
1449 2514 1557 2555 hauc
1586 2527 1686 2555 sen-

221 2566 427 2611 tentiam:
465 2567 661 2610 ostendit
678 2567 805 2609 Deus
825 2566 957 2623 lmjaecs
985 2571 1146 2612 aetatis
1162 2571 1400 2612 hominibus
1420 2586 1541 2613 suam
1562 2584 1685 2611 sanc-

224 2623 397 2665 titatem
424 2639 494 2678 co,
531 2626 642 2682 qnod
675 2624 863 2666 homines
888 2625 1018 2679 fidem
1046 2625 1250 2669 habentes
1277 2628 1464 2670 insontes
1490 2627 1682 2670 declmw-

221 2684 312 2732 ret,
361 2679 430 2722 his
460 2697 500 2725 v.
537 2681 782 2740 concipias:
826 2679 1069 2733 ἐνεδείξατο
1110 2681 1132 2725 ὁ
1162 2682 1271 2734 θεὸς
1296 2682 1374 2741 τήν
1403 2680 1683 2739 δικαιοσύνην

223 2748 360 2792 αὑτοῦ
396 2747 450 2792 ἐν
474 2753 544 2805 τῷ
571 2754 660 2795 νῦν
699 2754 876 2808 καιρῷ
905 2745 969 2796 &ig
1000 2749 1057 2792 τὸ
1100 2745 1245 2793 εἶναι
1289 2750 1459 2793 αὐτὸν
1488 2752 1680 2793 δικαι-

226 2806 395 2849 οῦντα
423 2805 518 2847 τὸν
544 2807 599 2849 ἐκ
630 2808 911 2858 πίστεωςῄ
951 2807 1146 2850 ostendit.
1176 2824 1284 2850 mem
1304 2808 1428 2850 Deus
1457 2823 1493 2851 s,
1518 2823 1578 2857 5.,
1616 2809 1680 2851 ita

226 2870 271 2906 nt
298 2863 451 2920 prohos
474 2863 643 2920 judicet
672 2864 869 2909 homiues
898 2864 1026 2910 fidem
1048 2865 1274 2911 habentes.
1297 2890 1352 2899 --
1379 2864 1597 2922 Quidnam
1626 2881 1680 2909 ex
