1752 3347
220 137 306 182 362
503 135 879 180 EPISTOLA
919 135 1411 183 ADROMANOS

214 244 323 288 Jesu
355 241 460 288 Chr.
491 244 780 297 auctorItate,
817 243 893 300 qui
919 257 1088 285 sacram
1118 243 1330 286 lotionem
1363 246 1513 287 sanxit
1532 246 1689 293 Matth.

210 300 282 354 28,
308 300 392 345 19..
448 299 564 343 Item
586 302 693 344 Aet.
714 302 782 353 10,
801 300 874 345 48.
894 299 1199 354 βαπτίζεσθαι
1232 299 1286 343 ἐν
1312 307 1378 359 τῷ
1406 298 1589 355 ὀνόματι
1612 307 1691 349 τοῦ

213 352 395 414 κυρίου,
427 358 588 400 domini
608 359 869 401 [accim-itate
887 358 1070 399 lustrari
1092 357 1328 412 significat.
1389 358 1690 412 Matth.3‚11.

209 410 407 467 βαπτίζει)
431 416 530 457 τινὰ
552 412 615 465 εἷς
634 410 873 468 μετάνοιαν
892 414 1007 456 valet
1031 415 1241 471 immerge
1267 416 1449 472 aliquem
1469 418 1691 471 poeniten-

209 469 321 512 tiam
347 471 388 513 ei
416 477 665 515 monstrans
689 471 795 529 (qua
825 486 936 529 opus
963 471 1065 525 sit),
1108 473 1137 516 i.
1159 488 1194 516 e.
1226 473 1496 530 poenitentia
1518 473 1690 529 agenda

208 527 402 584 aliquem
423 529 672 585 obstringo.
731 527 888 571 Potest
909 529 982 570 hic
1011 527 1074 576 εἷς
1091 528 1144 571 de
1165 530 1351 572 consilio
1371 531 1468 590 capi
1489 530 1690 589 (baptizo

207 584 428 641 aliquem,
460 591 507 629 ut
535 587 802 641 resipiscat).
862 585 931 630 Cf.
963 585 1018 628 ad
1041 585 1203 631 Matth.
1232 602 1275 644 p.
1299 588 1397 632 134.
1467 587 1555 630 Sed
1585 588 1688 645 quia

204 641 313 684 haec
342 643 642 699 interpretatio
674 642 727 685 ad
752 643 894 686 omnia
916 644 972 696 l.‚
1011 644 1055 685 in
1086 644 1245 701 quibus
1269 649 1336 687 est
1361 644 1566 697 βαπτίζω
1590 644 1690 686 τινὰ

206 695 270 748 εἴς
295 714 393 741 τινα
425 695 510 756 (εἴς
536 701 601 753 τι)
628 706 704 744 aut
736 701 897 744 similis
916 701 1118 758 loquutio
1136 735 1147 755 ,
1195 701 1515 744 accommodari
1534 701 1690 759 nequit

205 769 301 797 eam
322 770 434 799 nunc
454 757 655 815 repudio.
721 758 886 802 Restat
913 765 1067 800 nostro
1096 759 1127 801 l.
1147 759 1336 800 formula
1361 758 1423 810 εἷς
1441 759 1517 801 τὸν
1537 759 1687 800 θάνα-

201 828 278 854 τον
299 809 436 857 αὐτοῦ
459 814 810 872 ἐβαπτίσθημεν,
871 814 997 872 Quae
1019 830 1147 868 sane,
1178 815 1217 858 si
1236 830 1328 857 eam
1353 816 1492 858 solam
1512 821 1685 874 specta-

202 869 348 924 veris,
377 872 442 914 sic
466 873 668 914 enarrari
699 878 872 930 potest:
923 873 983 915 ita
1013 873 1056 915 in
1075 887 1232 929 aquam
1256 872 1389 914 mersi
1422 887 1597 926 sumus,
1636 878 1687 915 ut

198 925 371 970 Christi
389 944 507 971 mors
528 929 604 985 (ad
625 929 838 973 abolenda
861 930 1083 972 hominum
1106 935 1285 987 peccata
1311 945 1333 971 a
1363 935 1590 972 servatore
1606 944 1685 988 op-

196 985 374 1083 petita),
394 1001 521 1044 quam
543 987 614 1044 pie
635 1002 972 1043 agnosceremus
992 986 1120 1029 nohis
1140 992 1564 1029 commonstraretnr
1588 986 1632 1030 h.
1646 1001 1686 1032 e.

231 1042 279 1084 ae
309 1043 408 1100 lege
438 1044 662 1102 baptismo
690 1045 862 1087 initiati
893 1059 1068 1097 sumus,
1098 1047 1148 1085 ut
1169 1043 1395 1087 Christum
1425 1043 1480 1086 ad
1513 1044 1685 1086 scelera

196 1104 350 1142 nostra
388 1101 607 1160 expianda
649 1106 833 1145 mortem
875 1101 1041 1143 adiisse
1080 1101 1152 1158 pie
1185 1102 1429 1144 fateremur
1453 1101 1497 1155 4,
1518 1101 1590 1144 25.
1619 1104 1684 1157 (v,

198 1157 360 1213 Grot.).
435 1160 600 1202 Verum
630 1160 744 1202 enim
775 1174 878 1202 vero
909 1163 953 1201 et
979 1158 1259 1201 cohaerentia
1281 1159 1391 1201 hanc
1416 1160 1684 1216 interpreta-

194 1213 359 1257 tionem
383 1217 558 1275 respuit
577 1232 719 1274 neque
742 1217 940 1260 homines
965 1216 1121 1260 christ.
1136 1249 1147 1269 ,
1185 1221 1235 1259 ut
1251 1218 1491 1259 salutarem
1512 1215 1684 1260 Christi

194 1273 350 1315 mortis
370 1273 456 1316 vim
478 1276 820 1332 profiterentur,
851 1273 1113 1331 baptismate
1134 1278 1226 1315 tum
1248 1274 1488 1332 separatim
1511 1273 1683 1328 ohliga-

193 1332 264 1370 tos
289 1344 388 1373 esse
407 1330 557 1374 doceri
576 1337 723 1389 potest
746 1335 807 1387 (v.
829 1331 1018 1385 Rea-h).
1089 1330 1210 1386 Quin
1241 1342 1318 1374 aut
1339 1331 1461 1381 Deo,
1498 1330 1681 1374 Christo

191 1391 236 1427 et
258 1386 452 1444 Spiritui
470 1405 507 1432 s.
531 1388 778 1432 Christiani
795 1389 1064 1447 baptismate
1091 1388 1258 1430 initiati
1281 1393 1384 1431 sunt
1404 1388 1586 1443 (Matth.
1608 1387 1681 1441 28,

191 1445 261 1489 19.
285 1445 341 1488 cl.
362 1446 472 1490 Act.
494 1448 561 1500 19,
582 1447 625 1490 2.
646 1447 736 1502 3.),
768 1452 845 1489 aut
868 1446 943 1488 uni
965 1446 1145 1489 Christo
1169 1447 1296 1495 (Act.
1318 1446 1361 1499 8,
1388 1447 1493 1501 16.).
1538 1443 1678 1487 Nem-

187 1516 242 1559 pe
285 1503 363 1558 qui
403 1503 583 1547 Christo
626 1519 673 1545 se
711 1504 925 1557 religiose
966 1502 1210 1556 dediderit,
1255 1508 1392 1545 totam
1433 1502 1679 1545 servatoris

188 1559 469 1618 disciplinam
490 1560 693 1619 probarit
711 1575 890 1602 necesse
911 1566 997 1602 est.
1042 1558 1143 1601 Non
1168 1559 1313 1601 minus
1333 1573 1374 1603 v.
1399 1559 1508 1601 hanc
1530 1559 1677 1617 expli-

187 1616 403 1659 cationem
423 1617 688 1660 admittunt:
727 1617 790 1659 sic
811 1616 993 1658 lustrati
1023 1631 1198 1669 sumus,
1229 1622 1277 1658 ut
1300 1617 1343 1658 in
1365 1616 1537 1659 Christi
1558 1630 1677 1658 mor-

187 1678 274 1716 tem
302 1674 420 1716 nobis
448 1675 704 1716 imitandam
735 1679 887 1715 nostra
918 1688 1040 1715 mens
1070 1672 1342 1727 dirigeretur
1373 1674 1416 1718 h.
1443 1689 1483 1718 e.
1518 1674 1598 1716 hoc
1623 1674 1674 1715 -iu

184 1745 265 1773 nos
305 1730 574 1788 baptismate
613 1731 881 1788 recepimus,
925 1737 974 1772 ut
1005 1730 1174 1773 Christi
1215 1736 1399 1772 mortem
1438 1730 1675 1782 imitemur,

184 1802 316 1846 quum
351 1787 715 1844 quemadmodum
747 1787 954 1830 Christus
992 1788 1181 1829 animam
1221 1787 1469 1845 exspiravit
1499 1787 1561 1828 sic
1591 1800 1672 1829 nos

182 1845 318 1888 vitam
348 1844 617 1902 turpitudini
648 1848 947 1885 consecratam
987 1843 1041 1885 de
1078 1858 1260 1885 onamus
1298 1850 1359 1898 (v,
1388 1844 1673 1898 Schoettyen„

182 1901 347 1954 Stolz.,
378 1901 552 1954 Reich„
578 1901 755 1943 Koelln.
775 1901 874 1955 al.).
933 1898 1022 1941 Sed
1047 1860 1147 1941 liuic
1170 1913 1344 1956 quoque
1366 1900 1673 1956 explanationi

182 1962 388 2002 contexta
418 1959 563 2001 oratio
591 1958 867 2014 refragatur,
912 1956 1026 1998 unde
1061 1957 1327 2014 baptismum
1358 1971 1445 1998 non
1482 1970 1532 1998 eo
1569 1971 1671 2015 spe-

179 2022 351 2070 ctasse,
397 2022 446 2059 ut
482 2020 693 2070 mortem,
742 2016 827 2071 qua
856 2014 1019 2072 probro
1049 2020 1093 2056 et
1121 2013 1328 2056 dedecori
1358 2012 1671 2068 valedicamus,

181 2073 400 2132 baptizati
427 2072 714 2127 meditemur,
756 2071 834 2115 sed
868 2077 916 2113 ut
947 2071 1027 2114 hac
1059 2077 1222 2125 morte,
1265 2085 1398 2128 quum
1419 2071 1670 2130 baptizare-

183 2146 303 2185 mur,
336 2131 517 2188 affectos
533 2146 607 2173 nos
627 2145 717 2173 esse
737 2135 994 2187 reputemus
1016 2130 1126 2186 (xxv.
1141 2129 1183 2172 2.
1203 2125 1491 2180 ἀπεθάνομεν
1513 2133 1557 2171 et
1569 2129 1668 2173 v.4.
1717 2124 1724 2129 ’

182 2186 535 2244 συνετάφημεν),
581 2188 864 2229 manifestum
895 2191 981 2230 est.
1061 2186 1279 2244 Superest
1316 2185 1478 2240 igitur,
1521 2191 1569 2228 ut
1603 2186 1667 2228 sic

181 2259 474 2303 exponamus:
514 2246 557 2287 in
579 2245 748 2288 Christi
770 2249 954 2286 mortem
985 2244 1104 2286 nobis
1130 2258 1258 2300 «leuem
1280 2243 1527 2286 lavaremur
1546 2243 1666 2285 obla-

180 2308 273 2345 tam
307 2303 452 2344 animo
481 2307 634 2344 nostro
665 2301 834 2344 directo
865 2302 945 2344 loti
970 2315 1121 2342 sumus
1145 2301 1173 2344 i.
1193 2315 1232 2343 e.
1255 2300 1364 2341 hanc
1391 2299 1508 2356 quod
1527 2300 1668 2342 subii-

182 2374 277 2402 mus
306 2361 531 2403 lavacrum
561 2360 648 2403 vim
676 2359 855 2411 habuit,
891 2363 940 2400 ut
965 2357 1134 2401 Christi
1170 2363 1353 2400 mortem
1385 2357 1512 2399 nobis
1533 2371 1667 2414 quum

181 2417 431 2460 lavaremur
463 2419 634 2465 illatam
660 2418 799 2460 fuisse
832 2416 927 2474 ipsa
956 2430 1004 2457 re
1030 2415 1383 2458 admoneremur.
1462 2413 1592 2470 Quod
1615 2413 1665 2459 P.

181 2473 345 2517 dictum
369 2476 720 2532 sententiamque
748 2489 787 2516 v.
807 2475 851 2516 4.
871 2488 921 2515 cx
943 2488 993 2514 eo
1014 2474 1240 2515 collectam
1265 2487 1318 2514 ne
1344 2486 1471 2514 secus
1498 2472 1665 2514 intelli·

183 2545 360 2586 gamus,
401 2532 455 2574 ad
478 2532 723 2575 Pronomen
754 2528 890 2573 αἰτοῦ
912 2531 1037 2571 nobis
1067 2529 1380 2572 attendendum
1403 2534 1486 2572 est.
1548 2528 1660 2571 Nam

183 2588 341 2631 Christi
360 2597 542 2633 mortem
564 2604 658 2631 eam
679 2589 817 2641 dixit,
859 2603 987 2645 quam
1019 2589 1183 2631 reditus
1203 2588 1242 2629 in
1269 2588 1401 2629 ritum
1425 2595 1486 2642 (v,
1505 2586 1572 2641 4.)
1593 2598 1661 2627 se·

182 2651 347 2703 quutus
380 2649 456 2691 sit.
523 2647 705 2690 Scilicet
736 2646 958 2688 immersio
986 2646 1125 2688 totius
1147 2645 1347 2701 eorporis
1370 2645 1411 2685 iu
1436 2658 1591 2701 aquam
1615 2641 1659 2682 iu

182 2703 402 2760 baptismo
425 2710 516 2746 tum
539 2705 702 2747 usitata
725 2700 773 2760 (ἡ
807 2701 1107 2752 κατάδυσις-τ
1138 2716 1178 2746 v,
1200 2702 1318 2745 δαῖς.
1338 2701 1480 2745 Thes.
1502 2699 1658 2742 eccles.

183 2759 224 2813 I,
245 2761 347 2805 259.
369 2776 437 2818 sq.
467 2766 511 2802 et
541 2762 700 2804 laetorii
731 2761 929 2808 &utmicfk
962 2775 1004 2817 p.
1028 2760 1154 2813 224.)
1226 2758 1364 2801 Paulo
1415 2760 1659 2813 interprete

182 2818 354 2863 Christi
374 2823 556 2862 mortem
582 2819 722 2861 oculis
744 2833 794 2861 eo
824 2817 1034 2873 subjicit,
1076 2816 1191 2872 quod
1217 2816 1377 2859 mortui
1399 2813 1661 2858 amotionem
