1752 3347
174 140 262 180 216
461 135 843 180 EPISTOLA
876 136 981 177 AD
1012 135 1375 181 ROMANOS

186 257 344 295 causa,
374 257 452 284 cur
484 242 507 300 ᾗ
532 242 579 292 ἐξ
598 238 737 295 ἔργων
759 238 1016 296 δικαιοσύνη
1047 255 1156 282 vana
1185 241 1246 282 sit
1276 246 1322 283 et
1348 243 1657 295 commentitia,

186 314 273 342 non
292 299 338 340 in
359 299 706 342 Dei'ambitione
730 298 872 349 inest,
903 297 978 353 qui
1007 298 1086 339 sua
1107 312 1188 339 nos
1206 296 1478 339 liberalitate
1505 300 1657 356 pigne-

185 357 279 399 rari
297 356 513 407 voluerit,
542 354 684 397 sedin
705 354 927 396 hominum
949 354 1253 397 imbecillitate
1281 354 1359 409 (cf.
1383 355 1434 407 3,
1456 355 1527 398 20.
1546 360 1657 409 23.).

187 411 305 467 πρὸς
340 414 416 454 τὸν
443 408 570 465 θεόν]
608 408 724 467 πρὸς
751 407 863 453 θεόν
895 412 958 454 Α.
987 410 1074 454 1)*.
1107 412 1163 455 G.
1192 417 1235 454 et
1265 410 1462 454 Lae-hm..
1529 411 1590 456 V.
1615 414 1659 456 3.

185 468 224 512 F
229 469 337 511 ulcit
355 470 450 526 Ap.
469 482 575 510 voce
597 465 680 523 γάρ
700 467 964 510 sententiam
985 483 1026 511 v.
1049 468 1117 512 2.:
1146 465 1236 510 ἀλλ’
1262 465 1340 509 οὔκ
1356 463 1447 520 ἔχει
1460 463 1661 523 Ἀβραάμ

187 522 390 582 καύχημα
421 524 534 579 πρὸς
574 522 650 565 τὸν
678 523 801 569 θεόν.
870 523 1021 567 Affert
1050 531 1193 568 autem
1227 524 1391 568 Genes.
1427 524 1503 576 15,
1527 526 1570 569 6.
1604 539 1660 567 ex

187 581 366 634 LXX„
414 582 504 623 nisi
536 580 653 638 quod
689 579 924 624 ἐπίστευσε
955 583 1001 624 de*
1026 579 1225 637 Ἀβραάμ
1260 581 1550 638 επῐρείῐρνο
1590 582 1665 623 καὶ

188 636 655 692 ἐπίστευσενἈβράμ,
687 643 732 680 et
751 638 1100 681 celebratissimo
1120 639 1205 681 viri
1234 640 1430 690 nomine,
1461 639 1567 681 licet
1593 652 1663 680 se-

186 695 285 738 rius
308 695 471 738 Genes.
509 695 644 748 17‚.5.
674 695 716 737 ei
744 690 908 748 indito,
947 696 1146 753 praelato
1175 700 1219 738 et
1248 695 1382 738 verbo
1412 693 1661 750 ἑπίστεμσε,

186 757 239 795 ut
264 752 476 795 vocabulo
508 752 552 793 in
581 753 661 794 sua
693 751 992 810 disputatione
1018 753 1252 810 primario,
1285 753 1425 810 primo
1455 753 1487 795 l.
1515 752 1663 810 posito

187 806 584 865 (ἐπίστευσεν,
623 806 701 851 οὐκ
727 806 835 866 ἔργα
867 808 1136 865 ἐποιήσατο,
1179 808 1257 851 οὐκ
1283 806 1664 906 εἶργάσατο,1ζὶ-

188 867 304 908 dem
333 866 428 908 Deo
444 867 677 922 adjuravit,
709 880 794 908 non
818 865 862 908 id
884 867 1070 917 studuit,
1101 872 1148 908 ut
1167 866 1261 907 suis
1284 865 1393 906 bene
1414 865 1543 907 iactis
1613 879 1664 907 eo

188 922 508 980 probaretu1¹.).
569 921 762 967 ,Iudaeos
783 938 955 979 quoque
985 925 1017 966 l.
1044 923 1207 966 GcneS.
1231 922 1305 973 15,
1326 924 1367 965 6.
1397 922 1526 964 nixos
1547 937 1665 964 sum-

188 980 259 1021 ma
291 979 420 1021 laude
454 979 700 1022 Abrahami
730 979 857 1022 tidem
887 980 1110 1022 celebrare
1141 982 1338 1030 constat3
1384 978 1440 1022 cf.
1472 981 1497 1020 1
1526 978 1665 1022 Maec.

188 1037 241 1087 2,
272 1037 346 1080 52.
408 1034 540 1079 Philo
583 1036 634 1079 de
664 1037 839 1080 Abrah.
880 1035 955 1089 II,
986 1037 1056 1079 38.
1098 1034 1167 1078 ed.
1208 1034 1357 1090 Mang.
1388 1035 1596 1078 Mechilta
1631 1036 1666 1079 f.

188 1094 270 1145 25,
292 1093 354 1137 2..
383 1093 458 1135 καὶ
487 1091 599 1148 glay.
634 1091 753 1150 αὐτῷ
783 1093 903 1149 (scil.
934 1092 983 1134 τὸ
1014 1094 1276 1146 πιστεῖσαι)
1306 1091 1370 1141 εἰς
1400 1093 1502 1146 δικ]
1543 1092 1666 1135 Haec

189 1165 230 1194 v,
252 1148 393 1192 Paulo
409 1151 586 1194 ‘valent:
614 1156 659 1193 et
678 1152 891 1208 imputata
914 1149 956 1191 ei
974 1148 1082 1191 fides
1104 1154 1174 1190 est
1191 1164 1269 1204 pro
1290 1149 1533 1192 innocentia
1553 1150 1606 1206 (i.
1627 1165 1667 1194 e.

188 1205 298 1250 fides
318 1207 466 1249 habita
486 1207 547 1249 ita
569 1208 613 1249 in
632 1209 828 1250 rationes
849 1207 991 1249 relata
1013 1212 1105 1254 cst,
1141 1213 1188 1248 ut
1207 1206 1467 1249 Abrahamo
1491 1207 1667 1262 inteqre'-

189 1269 262 1306 tas
291 1264 608 1319 tribueretur),
641 1264 867 1307 Geneseos
897 1263 1129 1321 scriptori:
1169 1262 1277 1306 fides
1308 1278 1387 1321 pro
1419 1263 1522 1306 bene
1545 1264 1668 1321 facto

189 1317 291 1376 (Ps.
325 1322 428 1373 1023,
451 1322 545 1373 31.)
575 1321 616 1362 ei
649 1322 862 1379 imputata
891 1325 961 1363 est
985 1322 1038 1376 (i.
1066 1335 1104 1364 e.
1136 1319 1254 1377 quod
1283 1319 1413 1362 fidem
1439 1320 1671 1363 habuisset

189 1377 328 1434 probe
348 1377 752 1436 fecisse-judicatus
783 1380 888 1433 est).
948 1377 1169 1420 Nimirum
1189 1376 1242 1421 P.
1273 1392 1424 1420 eorum
1453 1392 1573 1420 more
1603 1379 1671 1420 in-

189 1438 455 1491 terpretum,
506 1435 583 1491 qui
622 1435 903 1491 allegoricam
945 1435 1283 1493 explicationem
1330 1443 1601 1492 sequuntur,
1645 1449 1670 1476 e

190 1490 253 1535 V.
280 1491 339 1535 T.
375 1492 513 1535 verbis
553 1492 597 1535 h.
624 1494 656 1536 l.
690 1493 1005 1545 ratiocinatur,
1053 1492 1098 1534 in
1130 1507 1254 1533 suam
1296 1506 1389 1533 rem
1429 1491 1669 1535 conversis.

190 1547 327 1591 Fides
350 1563 524 1605 quoque
546 1549 797 1591 Abrahami
815 1564 909 1590 cum
932 1547 1138 1590 Paullina
1160 1549 1240 1589 hac
1273 1549 1356 1590 una
1382 1549 1583 1591 convenit
1607 1563 1670 1601 re,

255 1605 310 1646 od
330 1611 516 1660 utraque
539 1610 608 1647 est
628 1607 715 1648 Dea·
737 1605 923 1659 fiduc5a3
953 1604 1180 1662 discrepat
1208 1605 1311 1657 hoc,
1343 1604 1459 1661 quod
1478 1606 1672 1658 Abrah„

189 1620 336 1704 ffeum
363 1662 629 1718 promissum
657 1660 710 1704 dc
740 1667 970 1707 numerosa
1002 1662 1127 1719 prole
1159 1663 1246 1704 sihi
1274 1662 1420 1704 datum
1453 1663 1509 1705 ad
1541 1677 1670 1705 eveu-

189 1723 283 1761 tum
312 1718 624 1776 perductarum
655 1734 754 1761 esse
783 1720 974 1760 confisus
1003 1725 1095 1770 est,
1139 1718 1189 1763 P.
1222 1719 1331 1760 hane
1362 1734 1441 1761 nos
1465 1720 1670 1762 fiduciam

190 1776 310 1818 alere
329 1775 492 1828 voluit,
521 1775 666 1817 Deum
687 1782 967 1833 peccatorum
988 1777 1157 1818 veniam
1191 1776 1318 1818 nobis
1349 1776 1552 1820 daturum
1573 1791 1672 1819 esse

192 1831 366 1876 Christi
387 1846 437 1873 su
475 1833 607 1890 plicio
629 1833 839 1890 expiatis,
899 1833 1107 1874 Formula
1138 1832 1400 1888 λογίζεσθαί
1430 1834 1516 1876 τινί
1547 1851 1587 1876 τι
1609 1831 1673 1882 εἷς

190 1904 236 1931 τι
276 1904 360 1931 non
404 1903 426 1929 a
509 1889 779 1933 Graecorum
820 1905 970 1938 usum,
1019 1889 1098 1930 scd
1141 1890 1196 1932 ad
1235 1890 1539 1933 Hebraeorum
1580 1906 1672 1932 mo·

191 1960 285 1988 rem
314 1945 640 1989 accommodata
684 1951 752 1988 est
786 1943 886 2001 (Ps.
924 1947 1027 1999 106,
1056 1946 1168 2001 31.).
1238 1946 1319 1988 Est
1350 1947 1414 1988 sic
1446 1948 1674 2006 explican-

193 2001 274 2046 da:
327 2003 461 2045 alieui
495 2003 665 2060 aliquid
701 2003 745 2045 in
774 2002 971 2045 rationes
1007 2003 1176 2046 referre
1214 2003 1257 2045 in
1284 2019 1373 2046 rem
1408 2004 1438 2049 i.
1470 2021 1509 2048 e.
1541 2011 1585 2048 ut
1615 2005 1674 2047 sit

192 2074 263 2117 res
300 2062 429 2115 (ergo
478 2066 689 2117 tanquam
725 2062 854 2114 rem).
930 2060 991 2104 V.
1031 2060 1076 2104 4.
1119 2066 1162 2103 et
1189 2060 1232 2104 5.
1294 2060 1353 2104 V.
1399 2059 1673 2118 ἐργάζεσθαι

193 2115 338 2159 Paulo
367 2118 410 2160 h.
439 2118 471 2160 l.
501 2118 743 2160 teelaem'cum
769 2122 862 2169 est,
900 2115 953 2158 de
986 2117 1113 2175 cujus
1144 2118 1320 2173 generis
1362 2133 1480 2163 voce.
1519 2119 1672 2177 paucis

195 2174 310 2215 dixit
347 2173 454 2217 Win.
485 2189 553 2229 gr.
585 2190 627 2232 p.
655 2175 745 2218 35..
807 2173 951 2229 Quum
980 2177 1095 2217 enim
1128 2174 1183 2217 τὰ
1215 2173 1322 2231 ἔργα
1358 2191 1440 2218 usu
1474 2177 1673 2219 technico

194 2231 420 2287 Apostolo
448 2231 579 2285 probe
608 2232 734 2288 factu
763 2230 1012 2283 declarent,
1052 2231 1201 2288 quibus
1228 2237 1273 2274 ut
1292 2233 1380 2275 Dei
1406 2234 1601 2290 furorem
1632 2238 1675 2277 et

195 2294 415 2331 aeternam
445 2288 702 2345 felicitatem
744 2286 852 2343 (τὴν
888 2286 1196 2344 δικαιοσύνην)
1238 2289 1318 2330 sibe·
1350 2296 1478 2345 paret
1517 2291 1676 2348 aliquis

195 2345 443 2387 connitatur
471 2348 533 2400 (v.
562 2347 605 2388 6.
647 2344 762 2402 Eph.
793 2346 845 2397 2,
871 2346 915 2387 9.
973 2346 1002 2386 2
1027 2345 1146 2389 Tim.
1180 2347 1228 2397 l,
1258 2347 1347 2399 9.),
1387 2348 1499 2389 hunc
1532 2363 1674 2401 usum,

196 2406 244 2441 ut
275 2401 516 2443 membrum
546 2404 797 2460 oppositum
824 2416 864 2444 v.
892 2402 935 2445 5.
967 2401 1115 2452 docet,
1159 2402 1214 2444 ad
1242 2417 1282 2446 v.
1323 2402 1675 2460 ἐργάζεσθαι

193 2457 238 2500 h.
268 2458 299 2500 l.
329 2458 551 2513 traduxit,
590 2460 620 2502 i.
653 2474 692 2503 e.
726 2456 863 2514 ἔργα
897 2465 1052 2515 (sensu
1086 2458 1313 2513 Paullino)
1349 2464 1542 2503 ποιεῖν
1573 2461 1673 2504 bene

191 2512 328 2571 factis
356 2516 527 2557 edendis
557 2517 768 2559 intentum
797 2530 911 2568 mse,
943 2517 1091 2572 quibus
1114 2517 1201 2559 Dee·
1229 2517 1358 2574 fae-m·
1386 2523 1670 2574 espuqnetm‘.

193 2568 431 2613 Praeclare
462 2572 669 2616 Lathon:
711 2574 782 2618 mit
807 2573 972 2618 {Bcrfcn
1003 2577 1209 2629 uvlgrbcn.
1270 2573 1394 2616 Haec
1424 2590 1497 2617 res
1525 2580 1570 2617 et
1595 2586 1669 2616 eos

192 2627 380 2676 fefellit,
412 2630 487 2685 qui
509 2630 774 2671 sententiam
801 2644 824 2671 e
846 2630 934 2672 vita
958 2631 1173 2673 communi
1205 2629 1476 2689 depromtam
1507 2631 1585 2673 hoc
1604 2643 1671 2673 νε.

192 2684 500 2741 comprehendi
532 2691 769 2743 putarunt:
816 2688 1009 2741 operario
1037 2687 1164 2743 (Act.
1193 2690 1268 2740 18,
1287 2689 1353 2742 3.)
1376 2690 1546 2747 positae
1564 2701 1670 2743 ope-

193 2755 269 2783 rae
288 2755 452 2783 merces
474 2756 557 2784 non
577 2743 881 2786 benevolentia
916 2743 995 2786 sed
1026 2751 1207 2803 propter
1235 2745 1431 2788 debitum
1461 2742 1672 2810 imputari

197 2798 314 2841 solet
335 2796 513 2855 (Morus
541 2800 649 2856 aL),
695 2815 809 2857 quae
841 2801 1083 2860 explicatio
1115 2801 1319 2845 vitiosam
1350 2801 1669 2860 oppositionem
