1752 3347
220 182 309 227 242
503 177 883 224 EPISTOLA
915 175 1017 221 AD
1047 175 1408 222 ROMANOS

224 286 506 331 contenderet
530 291 592 343 (v.
617 285 798 329 Lobeck.
825 283 882 326 ad
899 281 1069 340 Phryn.
1093 298 1137 342 p.
1155 283 1280 328 751.:
1310 295 1466 340 nempe
1497 282 1574 339 qui
1607 280 1685 325 ἐλ·

225 342 344 396 πίζω
366 346 544 399 νικῆσαι
574 342 683 384 dicit
706 342 771 385 rei
790 355 918 398 quam
937 345 1089 412 speret
1108 340 1323 383 rationem
1341 340 1474 381 habet
1491 343 1685 383 tantum-

225 400 378 444 modo:
413 414 545 441 ,ψη-νο
574 398 821 449 υἰσίονίαηις
861 398 938 454 qui
966 395 1134 450 ἐλπίζω
1162 394 1422 454 νικήσειν
1451 397 1607 439 scribit
1637 412 1686 439 se

223 458 405 501 mudum
439 456 580 498 tubere
600 453 718 512 quod
733 461 884 514 speret
904 470 1050 497 secum
1074 455 1262 510 cogitat:
1291 468 1423 511 spero
1456 468 1524 496 me
1557 468 1689 511 supe-

224 514 391 558 riorem
412 512 734 567 discessurum.)
776 511 866 555 Sed
883 511 968 555 duo
987 512 1064 554 isti
1083 512 1269 554 consilio
1292 512 1513 554 officiunt:
1542 523 1691 567 unum,

225 581 346 640 quod
366 585 611 624 structura:
640 577 837 623 πιστεύω
871 575 935 626 εἷς
964 571 1020 619 τὸ
1051 577 1200 623 εἶναι’
1227 577 1284 633 μέ·
1310 595 1353 622 τι
1380 579 1581 638 improba
1611 592 1689 621 seu

224 640 348 683 nulla
369 638 517 697 potius
539 642 632 681 est:
659 638 844 680 alterum
858 668 871 690 ,
900 636 1017 695 quod
1035 637 1075 679 si
1095 636 1148 682 P.
1168 637 1466 680 Abrahamum
1487 636 1692 692 praecisa

225 711 300 754 spe
324 700 569 751 sperantem
598 694 904 738 credidisse
930 709 983 737 se
1017 695 1252 737 multarum
1283 695 1502 736 >unionum
1530 707 1689 747 paren-

225 756 316 796 tem
346 752 689 794 exstiturum
725 766 817 794 esse
855 752 1077 794 affirmare
1111 751 1351 803 voluisset,
1402 748 1619 809 ejusmodi
1657 749 1691 792 l.

224 809 290 855 V.
307 808 368 853 T.
386 807 679 866 proferendus
699 808 872 862 fuerat,
900 809 976 865 qui
995 808 1106 851 hanc
1127 807 1389 850 sententiam
1411 808 1693 848 confirmaret

223 867 271 912 h.
292 881 332 910 e.
362 866 440 923 qui
468 864 716 923 adjunctam
744 864 832 910 div.
860 865 1080 922 promisso
1103 864 1233 918 fidem
1257 868 1564 905 attestaretur.
1622 863 1693 904 At

222 923 257 966 l.
276 923 445 976 citavit,
474 936 560 978 quo
581 936 665 964 non
685 922 774 964 nisi
789 937 830 967 v.
852 920 916 973 εἷς
932 921 982 964 τὸ
1002 937 1084 976 γεν.
1106 946 1161 952 -
1180 919 1320 961 ἐθνῶν
1341 920 1695 963 illustrarentur.

225 979 380 1036 Quare
408 993 449 1022 v.
480 978 529 1028 ὅς
556 984 662 1036 παρ’
692 977 854 1020 ἐλπίδα
873 1004 927 1010 —-
952 977 1131 1019 πολλῶν
1159 975 1301 1018 ἐθνῶν
1319 976 1428 1018 deme
1443 975 1694 1018 sententiae

223 1037 450 1098 subjectae
472 1040 590 1079 sunt.
648 1034 767 1076 Male
786 1049 891 1076 sane
911 1033 976 1083 εἷς
1001 1031 1054 1074 de
1081 1034 1166 1074 fine
1196 1032 1393 1089 explices
1422 1047 1516 1075 cum
1536 1034 1694 1076 Heum.

224 1095 310 1139 aL:
355 1094 433 1151 qui
458 1118 511 1124 ——-
540 1091 750 1144 credidit,
787 1096 833 1133 ut
862 1095 971 1133 esset
998 1115 1076 1134 —.
1142 1088 1299 1146 Neque
1329 1090 1442 1131 enim
1471 1090 1585 1132 lucri
1615 1103 1694 1146 spe

223 1155 395 1203 motus,
426 1149 503 1191 sed
524 1149 713 1191 numinis
733 1147 976 1190 reverentia
1001 1151 1043 1188 et
1064 1146 1229 1204 pietate
1252 1145 1465 1188 adductus
1485 1146 1695 1191 v.20.21.

222 1207 325 1251 Deo
356 1206 532 1250 Abrah.
561 1204 764 1248 credidit.
829 1202 924 1245 lmo
954 1201 1018 1253 εἰς
1043 1206 1235 1246 eventum
1271 1202 1467 1246 declarat
1505 1203 1696 1260 (Κυρμ,

223 1264 428 1314 Boehm.‚
460 1263 596 1306 Fluit.
623 1263 730 1313 al.)‚
761 1275 846 1317 quo
873 1259 1067 1302 admisso
1100 1261 1326 1315 sententia,
1351 1261 1515 1318 optime
1547 1259 1696 1312 habet,

223 1321 267 1363 si
287 1319 353 1370 εἰς
370 1319 421 1362 τὸ
443 1313 554 1361 εἶναι
573 1315 705 1360 αὐτὸν
727 1332 774 1358 π.
798 1332 845 1359 π.
867 1316 900 1360 ἐ.
928 1318 988 1358 ita
1018 1317 1074 1360 ab
1105 1315 1363 1360 ἐπίστευσεν
1392 1316 1696 1373 snsmnderis,

223 1381 276 1419 ut
300 1376 356 1418 ad
383 1375 632 1418 Abrahami
659 1375 850 1417 animum
879 1375 1072 1418 referas:
1119 1375 1195 1432 qui
1225 1388 1304 1432 spe
1339 1374 1536 1417 abscissa
1572 1388 1694 1432 spem

224 1433 402 1489 agitans
430 1430 644 1484 credidit,
671 1431 737 1473 ‘ita
768 1436 817 1473 vat
843 1432 999 1489 (quum
1029 1430 1252 1487 crederet)
1281 1432 1520 1474 multarum
1553 1431 1697 1473 natio-

225 1504 329 1533 num
347 1503 510 1548 parens
529 1494 649 1531 esset
677 1488 731 1544 (i.
751 1502 794 1545 q.
815 1488 877 1530 ita
898 1494 946 1531 ut
963 1503 1008 1530 se
1029 1490 1265 1530 multarum
1288 1489 1511 1530 nationum
1534 1501 1695 1546 parcn-

225 1551 317 1590 tem
334 1546 630 1599 existimaret)
660 1543 898 1587 secundum
920 1544 1009 1587 Dei
1027 1560 1199 1589 vocem:
1225 1549 1315 1586 tam
1346 1559 1579 1587 numerosa
1607 1544 1697 1587 crit

225 1609 302 1647 tua
320 1603 488 1661 proles·
547 1600 731 1643 Scilicet
751 1615 801 1643 eo
822 1601 917 1657 ipso
931 1634 943 1652 ,
975 1601 1089 1657 quod
1107 1601 1392 1642 Abrahamus
1415 1601 1511 1643 Deo
1544 1616 1695 1644 nume-

225 1674 372 1704 rosam
393 1659 561 1716 prolem
582 1658 780 1715 pollicito
799 1656 1008 1709 credidit,
1041 1659 1277 1700 multorum
1298 1673 1346 1699 se
1367 1658 1588 1701 hominum
1618 1672 1697 1717 pa-

226 1722 342 1760 trem
363 1729 462 1758 esse
483 1714 570 1756 sibi
597 1714 824 1771 persuasit
845 1714 957 1758 Gen.
981 1715 1051 1768 15,
1067 1715 1111 1760 5.
1131 1718 1192 1759 6..
1241 1714 1369 1756 Nihil
1389 1715 1697 1770 igiturRueck.

228 1773 418 1833 objectio
437 1772 582 1823 valet,
610 1769 675 1822 εἰς
693 1770 745 1813 de
766 1774 922 1813 eventu
942 1773 1054 1813 male
1078 1772 1190 1814 sumi
1214 1778 1471 1829 propterea.
1505 1773 1608 1830 quia
1631 1772 1698 1814 sic

226 1831 406 1875 tertium
426 1827 670 1880 diceretur,
699 1828 882 1870 evasisse
900 1828 1074 1872 Abi-ah.
1098 1830 1335 1871 multorum
1363 1829 1585 1871 hominum
1614 1843 1696 1887 pa-

227 1891 399 1930 rentem
427 1884 512 1926 fide
542 1899 671 1940 quam
698 1884 927 1926 habuisset
956 1899 996 1927 v.
1019 1887 1086 1928 ll.
1110 1887 1196 1930 16..
1259 1885 1494 1941 Pei-peram
1518 1885 1698 1942 Chrys,

226 1944 465 1994 Roscium,
493 1939 676 1984 Boehm.
700 1941 759 1983 al.
780 1945 1028 1998 exponunt:
1057 1942 1134 1997 qui
1156 1967 1209 1973 —
1231 1941 1445 1994 credidit,
1476 1943 1535 1984 ita
1557 1949 1606 1985 ut
1623 1945 1698 1998 (ne

227 2000 481 2044 othonorum
500 2002 610 2040 esset
626 1997 709 2039 riri
720 1997 851 2053 fides)
878 1998 1114 2039 multarum
1135 1998 1359 2040 nationum
1381 2013 1539 2056 parens
1560 2003 1697 2043 osset.

226 2056 388 2113 Neque
409 2055 549 2108 enim,
577 2058 628 2096 ut
643 2053 890 2098 Abrahami
908 2054 1036 2096 fldem
1056 2055 1293 2098 honoraret
1313 2071 1446 2106 verax
1470 2055 1595 2099 Deus
1618 2070 1698 2098 sno

228 2114 451 2174 promisso
489 2111 730 2165 satisfecit,
778 2110 856 2153 sed
888 2113 1106 2169 persolvit
1135 2111 1261 2154 Deus
1299 2113 1557 2156 Abrahamo
1594 2112 1697 2156 fidei

229 2169 473 2231 praemium
513 2168 609 2222 τὴν
649 2168 985 2225 ὁιιςαιοσύνιι
1003 2185 1023 2209 ν
1048 2183 1087 2212 v.
1105 2169 1193 2213 22..
1253 2168 1312 2213 V.
1335 2169 1513 2212 κατὰτὸ
1534 2167 1616 2224 εἷς).
1644 2195 1697 2200 -

229 2226 412 2284 σπέρμα
442 2225 870 2280 ooz›te¹uere,v111g0
900 2226 943 2268 in
975 2226 1263 2284 parenthesin
1290 2226 1537 2280 abduntur,
1567 2241 1698 2283 quum

227 2288 350 2328 arcte
373 2283 635 2330 cohaereant
654 2295 749 2323 cum
769 2296 884 2325 voce.
906 2281 970 2332 εἷς
990 2281 1041 2324 τὸ
1066 2282 1272 2338 γενέσθαι
1302 2289 1385 2328 etc.
1407 2310 1463 2316 —
1482 2285 1545 2326 ita
1575 2291 1623 2325 ut
1650 2297 1699 2327 so
1741 2318 1746 2322 .

230 2342 465 2384 multarum
485 2340 706 2382 nationum
726 2343 954 2396 parentem
972 2344 1171 2382 censeret
1187 2340 1275 2383 Dei
1297 2356 1442 2383 vocem
1460 2338 1701 2399 sequutus:

231 2402 383 2441 tantus
416 2397 503 2440 erit
531 2401 706 2438 tuorum
736 2401 1017 2453 posterorum
1045 2411 1272 2441 uumerus,
1329 2395 1468 2448 m‘smg
1493 2397 1619 2441 ἔσται
1644 2395 1696 2440 τὸ

233 2455 413 2512 σπέρμα
442 2455 542 2509 σου]
580 2454 637 2497 cf.
671 2453 832 2497 (iones.
859 2455 935 2503 15,
954 2455 995 2497 5.
1015 2452 1165 2498 LXX.
1226 2455 1299 2497 lta
1327 2455 1411 2497 erit
1441 2460 1517 2497 tua
1549 2454 1695 2513 proles

232 2525 295 2555 sc.
324 2516 374 2553 ut
412 2512 569 2553 stellae
610 2514 735 2562 sunt,
773 2525 956 2566 quarum
987 2525 1196 2553 numerus
1227 2511 1332 2554 iniri
1362 2513 1529 2569 nequit.
1554 2528 1564 2534 ·
1598 2509 1695 2553 Hoc

232 2567 349 2624 quod
372 2583 395 2610 e.
415 2569 445 2612 l.
466 2569 498 2611 l.
519 2582 633 2609 nexu
663 2567 930 2621 cogitatione
959 2567 1202 2610 addendum
1232 2574 1324 2621 est,
1353 2569 1693 2627 interpolatores

231 2625 278 2668 in
300 2623 352 2667 F.
375 2625 430 2668 G.
454 2623 505 2668 P.
527 2639 565 2668 v.
586 2625 861 2668 allevet-unt:
890 2620 1031 2675 οὕτως
1054 2621 1141 2666 ἔστ.
1164 2640 1200 2667 -τ,
1226 2640 1302 2667 art.
1325 2640 1363 2667 σ.
1381 2658 1390 2672 .
1425 2624 1483 2677 ὡς
1500 2623 1552 2667 αἱ
1586 2622 1694 2678 [5ἰοὶ

234 2676 298 2736 οἳ]
329 2676 508 2735 ἀστέρες
527 2683 607 2723 τοῦ
626 2677 815 2736 σι’·ραι·ιιῦ
834 2681 904 2723 >cai
931 2681 993 2722 τὸ
1024 2676 1203 2735 ἅμμον
1234 2682 1333 2738 [sic.
1367 2678 1391 2738 ᾗ
1425 2677 1586 2736 ἅμμος]
1619 2681 1695 2733 τζς

234 2736 484 2790 θαλάσσης.
543 2740 599 2781 V.
628 2739 695 2781 19.
737 2735 797 2779 οὗ
826 2736 1082 2795 κατενόησε]
1113 2736 1187 2788 οὗ,
1228 2739 1343 2795 quod
1368 2739 1423 2780 ab
1450 2739 1510 2781 A.
1542 2735 1591 2780 C.
1620 2739 1693 2780 67.

235 2807 312 2837 ΧΧ.
347 2790 450 2848 Syr.
492 2792 597 2850 Erp.
629 2794 789 2851 Chrys,
824 2795 866 2836 iu
897 2793 980 2838 Mt.
1015 2795 1058 2838 3.
1094 2794 1303 2840 Damaso.
1345 2795 1509 2839 Julian.
1552 2792 1697 2847 abest,

234 2849 385 2894 Mulio
402 2847 527 2894 Prol.
554 2852 596 2905 §.
617 2852 716 2896 933.
735 2852 838 2897 934.
864 2856 908 2893 et
932 2851 1098 2900 Griesb.
1127 2851 1420 2896 adulterinum
1448 2851 1589 2894 visum
1617 2865 1700 2895 cx-
