1752 3347
591 196 747 244 CAP.
780 197 819 243 1.
852 198 943 246 Vs.
970 200 1070 247 29..
1507 202 1563 248 83

102 303 251 348 Wetst.
276 303 333 346 ad
361 304 405 349 h.
435 304 469 348 l.
498 306 756 350 attulerunt.
824 305 1084 349 Accusativi
1114 307 1488 378 πεπληρωμένους
1507 335 1562 340 -—

90 358 281 412 μεστοὺς
300 386 351 392 -
370 359 654 418 ψιθυριστάς
671 379 708 404 κ.
731 379 767 405 τ.
794 363 831 404 λ.
852 377 992 421 noque
1013 380 1038 405 a
1064 378 1104 407 v.
1135 364 1392 419 παρεδωκεν
1420 379 1561 422 neque

90 416 148 458 ab
171 412 330 467 αὐτούς
351 432 392 461 v.
413 416 486 460 28.
509 419 713 476 suspensi
745 423 873 473 sunt,
903 425 952 462 ut
982 424 1147 462 temere
1178 420 1384 478 opinatur
1407 421 1561 476 Flatt„

91 472 171 515 sed
191 472 247 515 ab
268 472 493 517 Infinitivo
516 476 662 516 ποιεῖν
674 491 688 517 .·
719 477 783 518 im
808 482 853 519 nt
876 477 1093 519 inhonesta
1123 481 1451 532 perpetrent
1476 492 1560 533 op·-

105 530 353 574 denoto..
411 528 535 586 πάσῃ
557 527 724 588 ἀδικίᾳ]
766 533 808 575 h.
841 548 880 575 c.
912 535 1047 575 omnis
1074 534 1241 590 yeneris
1271 534 1560 588 improbitate.

129 592 172 629 st
200 586 316 629 enim
343 581 495 628 ἀδικία
527 587 571 628 h.
601 587 635 630 l.
662 589 830 640 yenere‘s
857 603 972 642 voc„
1010 590 1328 645 improbitatem
1357 592 1449 642 (ben
1472 593 1561 649 gre:

86 647 168 697 bel)
188 646 372 694 notans,
404 642 488 698 qua
513 656 624 697 quae
642 642 847 700 deinceps
878 646 986 687 vitia
1017 651 1226 715 tanquam
1253 648 1454 704 exempla
1482 650 1562 704 τῆς

86 696 263 748 ἀδικίας
305 703 601 740 memorantur
638 701 855 755 πονηρία,
909 701 1143 751 πλεονεξια
1174 719 1211 744 κ.
1245 718 1282 744 τ.
1318 703 1355 745 λ.
1385 704 1560 760 singula

84 753 393 797 contineantur
413 754 489 810 [cf.
517 753 805 808 Theodore†.].
865 755 1027 799 Contra
1051 752 1075 814 ἡ
1102 756 1359 816 δικαιοσύνη
1387 759 1432 802 in
1462 762 1559 803 uni-

85 824 260 854 versum
281 814 352 853 est
380 812 518 854 vz'rtus
537 809 699 854 Matth.
722 813 836 864 651..
895 809 1070 869 ἀδικίᾳ,
1103 813 1316 872 πορνείᾳ,
1348 816 1558 875 πονηρία,

82 865 342 924 πλεονεξίᾳ,
399 865 550 924 κακίᾳ]
610 866 734 909 Haec
775 869 1030 923 vulgantur.
1099 868 1189 911 Sed
1226 885 1320 915 voc.
1356 863 1558 932 πορνείᾳ,

115 922 203 966 uod
221 923 450 979 Benyelz'o,
489 923 587 982 (qui
616 927 764 966 tamen
793 925 841 966 in
871 925 1030 969 Gnom.
1060 926 1322 969 seutentiam
1353 930 1560 987 mutavit)

82 937 252 1024 griesb.
267 1013 279 1033 ,
312 980 485 1036 Koppz'o
504 981 564 1024 al.
578 980 681 1040 jure
704 986 956 1039 suspectum
977 982 1147 1037 fuerat,
1175 987 1295 1026 reete
1328 984 1559 1029 oblittera-

80 1037 146 1080 vit
176 1036 381 1081 Lachm..
438 1036 667 1080 Damnant
695 1038 810 1080 enim
849 1038 957 1080 libri
997 1043 1042 1081 et
1079 1039 1124 1083 h.
1162 1040 1197 1083 l.
1236 1040 1432 1098 ineptum
1472 1048 1557 1089 est.

79 1091 278 1136 Primum
297 1095 343 1137 in
363 1092 480 1136 haud
501 1095 653 1151 paucis
677 1094 888 1138 subsidiis
907 1095 1076 1138 criticis
1104 1097 1167 1139 ita
1196 1095 1348 1149 deest,
1377 1103 1426 1140 ut
1452 1101 1559 1144 reli-

113 1165 167 1193 ua
186 1165 227 1194 v.
249 1149 333 1194 huc
355 1149 463 1192 illuc
482 1151 651 1211 jactata
676 1154 800 1195 salva
826 1157 974 1195 tamen
1002 1152 1113 1196 sint:
1152 1152 1217 1197 A.
1247 1154 1388 1199 Aeth.
1418 1155 1558 1213 Ephr.

78 1204 259 1265 αδικίᾳ,
298 1204 518 1265 πονηρίᾳ,
557 1206 715 1266 κακίᾳ,
757 1207 1015 1266 πλεονεξίᾳ.
1045 1211 1050 1259 Ι
1078 1209 1127 1254 C.
1159 1210 1230 1254 23.
1265 1210 1326 1254 Co
1362 1216 1395 1256 t.
1428 1212 1558 1270 Orig.

80 1260 204 1306 ἀδικί
246 1295 260 1314 ,
293 1262 450 1320 κακίᾳ,
481 1264 697 1322 πονηρίᾳ,
730 1264 979 1323 πλεονεξίᾳ.
1039 1265 1137 1309 Hoc
1168 1266 1289 1310 dedit
1315 1225 1499 1313 Euchm.
1527 1275 1538 1324 b

78 1320 153 1363 26.
202 1278 366 1376 {br-ys,
412 1318 557 1364 Basil.
605 1318 779 1379 ἀδικίᾳ,
831 1321 1051 1380 πονηρίᾳ,
1104 1322 1362 1381 πλεονεξίᾳ,
1411 1324 1555 1383 κακίᾳ.

77 1375 254 1420 Deinde
276 1377 324 1419 in
353 1377 457 1419 aliis
483 1392 526 1421 v.
558 1375 750 1435 πορνείᾳ
779 1393 864 1420 una
891 1393 987 1420 cum
1020 1393 1061 1422 v.
1093 1378 1287 1436 πονηρίᾳ
1315 1381 1558 1426 omittitur:

77 1433 161 1477 Mt.
182 1448 228 1489 g.
257 1431 434 1491 ἀδικίᾳ,
477 1431 734 1491 πλεονεξίᾳ,
777 1432 929 1492 κακίᾳ.
958 1435 963 1492 Ι
990 1434 1103 1478 Isid.
1133 1434 1233 1481 Pel.
1261 1437 1304 1489 4,
1321 1439 1420 1482 101.
1454 1435 1560 1480 ἀδι-

77 1486 179 1547 κίᾳ,
221 1487 377 1545 κακίᾳ,
424 1487 676 1546 πλεονεξίᾳ.
748 1491 956 1547 Dcnique
998 1492 1043 1534 in
1086 1492 1247 1550 quihus
1285 1494 1451 1548 legitur
1486 1496 1560 1538 vel

76 1545 204 1588 deest
230 1543 424 1603 πονηρίᾳ
455 1545 549 1600 (Βῆ
589 1543 643 1588 Ε.
671 1545 726 1590 G.
746 1548 791 1590 2.
824 1547 898 1607 453.
933 1545 1110 1605 ἀδικίᾳ,
1155 1547 1310 1598 κακία,
1351 1549 1558 1608 πορνείᾳ,

75 1598 374 1670 πλεονεξίᾳ),
406 1602 476 1646 vel
494 1605 597 1660 post
618 1601 814 1660 πονηρίᾳ
843 1603 1041 1656 locatur,
1079 1609 1128 1646 ut
1157 1604 1203 1647 in
1235 1592 1373 1662 Vulg.
1396 1631 1450 1637 —
1474 1608 1561 1649 ini-

74 1659 243 1716 quitate
261 1655 481 1715 (ἀδικίᾳ),
510 1658 686 1701 malitia
706 1658 971 1717 (πονηρίᾳ),
999 1659 1286 1717 fornicatione
1308 1660 1556 1720 (πορνείᾳ),

75 1715 266 1758 avaritie
299 1712 597 1771 (πλεονεξίᾳ),
635 1716 827 1771 nequitis?
859 1715 1043 1774 (κακίᾳ).
1111 1716 1179 1759 Ex
1212 1718 1282 1760 his
1316 1733 1448 1776 quum
1479 1725 1558 1761 aut

74 1769 265 1828 πορνείᾳ
288 1774 365 1813 aut
387 1768 582 1829 πονηρίᾳ
611 1769 908 1814 adulterinum
939 1787 1036 1816 esse
1065 1778 1236 1830 pateat,
1274 1775 1388 1818 illud
1414 1790 1454 1819 v.
1488 1776 1556 1818 in-

73 1826 318 1871 ducendum
341 1842 440 1870 esse
460 1827 566 1870 haec
586 1832 842 1884 argumenta
862 1828 1180 1876 demonstrant.
1237 1829 1277 1876 I.
1309 1832 1556 1875 Scortatio-

74 1884 148 1928 nis
166 1884 328 1927 mentio
361 1883 470 1927 adeo
496 1884 551 1926 ab
570 1884 614 1929 h.
636 1885 670 1928 1.
690 1885 923 1940 abhorret,
953 1892 1003 1930 ut
1021 1902 1074 1930 ne
1094 1889 1433 1945 paronomasiae
1457 1890 1555 1946 qui-

73 1939 172 1984 dem
195 1955 292 1983 cum
310 1955 352 1985 v.
373 1938 568 1999 πονηρίᾳ
591 1941 846 1986 efficiendae
869 1943 1042 1997 studio,
1083 1944 1201 2000 quod
1221 1946 1425 1987 eximium
1448 1960 1553 1988 sane

73 1995 129 2042 P.
151 1998 195 2043 h.
218 1999 252 2042 l.
273 1996 423 2056 prodit
441 1998 521 2055 (cf.
542 1995 736 2053 φθόνου,
761 1996 902 2055 φόνου
924 2005 1026 2045 etv.
1047 2000 1120 2044 31.
1142 1998 1389 2052 ἀσυνέτους,
1415 1999 1554 2044 ἀσυν-

73 2055 283 2110 θέτους),
320 2054 432 2097 satis
462 2059 714 2101 excusetur.
789 2056 963 2100 Etenim
992 2061 1227 2115 postquam
1254 2058 1349 2115 Ap.
1381 2058 1553 2113 flagitia

72 2111 279 2154 venerea
295 2126 338 2156 V.
360 2111 419 2153 24
437 2137 493 2142 --
509 2111 583 2156 27.
601 2112 950 2170 perstrinxerat,
980 2116 1181 2157 restabat
1201 2119 1250 2156 ut
1271 2119 1414 2158 cetera
1447 2129 1551 2169 gen-

73 2167 219 2210 tilium
237 2167 346 2211 vitia
381 2172 583 2225 carperet
613 2182 655 2213 v.
683 2169 755 2213 28.
789 2184 875 2227 sq..
933 2169 1002 2215 II.
1044 2170 1157 2215 Voc.
1190 2168 1377 2228 πορνείᾳ
1409 2185 1494 2213 non
1526 2186 1551 2213 a

74 2221 129 2267 Ρ.
148 2224 391 2281 profectum
412 2239 535 2280 esse,
573 2225 688 2268 illud
705 2225 962 2269 documento
984 2233 1075 2280 est,
1115 2226 1233 2284 quod
1260 2229 1304 2269 in
1334 2228 1550 2284 plurimo-

74 2293 172 2322 rum
206 2281 412 2324 vitiorum
445 2282 773 2326 enumeratione
804 2297 846 2326 v.
874 2285 932 2326 29
954 2310 1006 2317 -—
1029 2285 1100 2327 31.
1129 2298 1181 2325 ne
1212 2298 1343 2325 unum
1374 2282 1550 2340 quidem

73 2336 288 2391 flagitium
311 2338 564 2381 Venereum
594 2346 973 2385 commemoratur.
1032 2339 1129 2384 ΠΙ.
1160 2340 1357 2382 Librarii
1386 2340 1439 2382 de
1467 2356 1547 2384 suo

74 2390 262 2449 πορνείᾳ
282 2393 565 2449 addiderunt,
597 2397 673 2453 qui
696 2411 827 2453 quum
849 2398 986 2439 totins
1007 2397 1040 2440 l.
1074 2412 1111 2440 v.
1133 2397 1192 2437 24
1214 2422 1264 2428 -
1283 2396 1355 2440 28.
1378 2412 1445 2454 sq.
1476 2413 1547 2440 ra-

73 2450 234 2491 tionem
270 2463 423 2506 parum
456 2453 795 2510 perspexissent
830 2454 979 2496 πᾶσαν
1009 2450 1183 2495 ἀδικίαν
1208 2467 1292 2494 non
1325 2456 1547 2512 expletam

72 2519 171 2547 esse
192 2505 280 2548 nisi
300 2506 377 2562 τῆς
407 2506 618 2562 πορνείας
646 2511 863 2552 mentione
890 2510 1048 2569 injecta
1080 2509 1248 2566 opinati
1274 2516 1390 2553 sunt.
1447 2510 1545 2553 Hoc

71 2577 174 2605 vere
214 2576 280 2604 me
318 2563 597 2607 contendisse
637 2566 768 2608 etiam
803 2567 936 2608 lectio
968 2564 1146 2621 ἀδικίᾳ,
1197 2562 1543 2625 ἀκαθαρσίᾳ,

73 2617 260 2675 πορνείᾳ
282 2636 318 2660 κ.
340 2634 375 2660 τ.
398 2619 462 2668 λ.,
491 2620 573 2676 (ita
595 2622 667 2666 37.
686 2623 759 2665 40.
782 2622 827 2664 in
850 2624 927 2677 nl.)
950 2621 1105 2663 docere
1131 2620 1320 2666 videtur.
1377 2622 1543 2666 Diver-

73 2689 147 2717 sos
169 2675 284 2717 enim
305 2675 517 2718 librarios
538 2690 655 2730 rem,
700 2692 827 2734 quam
858 2678 1144 2734 praeteritam
1174 2693 1302 2735 aegre
1333 2680 1544 2723 tulissent

72 2730 261 2774 diversis
289 2746 406 2776 voco.
437 2737 686 2790 conceptam
716 2733 932 2792 adjecisse
964 2733 1171 2778 ostendit.
1243 2735 1539 2793 (Quamquam

72 2787 201 2830 etiam
222 2788 320 2831 fieri
341 2793 509 2847 potest,
536 2794 586 2831 ut
605 2787 866 2846 ἀκαθαρσίᾳ
888 2805 1035 2833 eornm
1051 2823 1062 2843 ‚
1095 2791 1171 2847 qui
1191 2792 1376 2849 πορνείᾳ
1400 2792 1455 2834 ad
1484 2794 1539 2834 li·-

72 2843 262 2889 bidinem
296 2845 541 2887 Veneream
572 2846 615 2888 in
649 2848 901 2889 universum
933 2847 1233 2898 rettulissent,
1275 2850 1538 2906 interpreta—

1053 2903 1146 2945 F2
