1752 3347
499 202 656 250 CAP.
692 202 762 248 Π.
798 203 888 250 Vs.
917 202 1017 249 271³
1410 200 1493 244 139

24 308 188 354 caciter
209 306 457 367 [Ρ.]ι1ῐκῑε,
487 325 530 369 q.
552 309 596 355 d.
620 312 691 354 lex
724 310 806 354 tibi
835 310 945 353 nihil
974 305 1097 351 aliud
1125 309 1194 351 est
1222 319 1350 364 quam
1381 305 1494 349 scri-

24 371 174 425 ptura.
233 366 449 410 Ostendis
470 383 563 410 eam
584 373 627 410 te
646 367 807 410 hahere
837 365 1045 423 legendo,
1074 379 1158 408 non
1188 362 1374 420 agendo,
1427 363 1493 406 Es

23 422 224 477 νομικός,
256 438 339 466 non
361 424 588 477 νόμιμος.”
641 425 710 467 At
732 425 771 466 si
800 424 980 480 γράμμα
1007 423 1051 467 h.
1080 422 1114 466 l.
1140 437 1163 464 e
1187 419 1357 464 usmodi
1390 434 1496 462 acu-

28 494 123 521 men
141 479 336 533 haberet,
360 481 609 523 necessario
631 482 760 523 etiam
781 481 1026 538 περιτομῆς
1041 493 1136 523 voc.
1187 477 1352 531 aberet,
1378 474 1498 533 quod

26 537 156 592 quale
177 536 249 578 hic
266 552 366 579 esse
385 537 528 594 possit
546 536 748 593 equidem
769 551 853 578 non
872 535 1108 594 perspicio,
1163 533 1405 578 Praeterea
1426 538 1497 576 ta-

25 593 111 635 lem
132 593 410 634 acrimoniam
432 593 546 634 hunc
563 594 597 636 1.
615 607 700 636 non
723 594 920 651 recipere
951 592 1108 635 summi
1137 592 1221 634 viri
1253 605 1338 633 non
1365 604 1499 648 repu-

25 653 193 692 tarunt.
259 647 634 704 Quemadmodum
675 649 790 692 enim
820 663 862 693 v·
891 645 918 705 ἦ
946 647 994 691 ἐκ
1020 648 1200 704 φύσεως
1228 645 1500 703 ἀκροβυστία

25 719 118 747 rem
140 705 384 757 continent,
414 718 544 761 quam
562 704 787 758 homiues,
817 703 871 746 de
891 703 1052 760 quihus
1071 719 1215 747 sermo
1234 703 1501 756 instituitur,

15 775 51 813 ,a
71 759 286 802 servanda
303 761 403 816 lege
423 775 533 805 mos.
552 765 753 803 avertere
773 759 943 813 credas,
975 760 1038 802 ita
1059 775 1176 804 voce.
1197 760 1272 803 διὰ
1290 756 1504 816 γράμμα-

24 830 103 866 τος
138 817 212 859 καὶ
242 817 487 874 περιτομῆς
513 817 750 870 rationem,
791 831 903 884 quae
934 815 1129 860 Judaeos
1157 817 1213 859 ad
1239 817 1501 874 obsequium

24 873 117 928 legi
137 887 250 918 moe.
270 873 582 932 praestandum
603 873 826 917 cohortari
844 872 1025 926 debeat,
1054 874 1398 931 complectantur
1422 886 1503 915 ne-

25 944 150 973 cesse
169 935 254 974 est.
309 929 470 987 Itaque
487 945 529 975 v.
553 928 628 973 διὰ
657 927 916 988 γράμματος
941 930 1017 972 καὶ
1043 930 1290 985 περιτομῆς
1308 929 1505 975 Iudaeo-

27 1001 126 1029 rum
150 992 408 1030 ornamenta
436 987 688 1042 enuntiant,
728 987 887 1044 quihus
918 1000 996 1030 eos
1025 983 1082 1028 ad
1109 987 1318 1044 pietatem
1345 986 1504 1029 stimu-

25 1043 115 1086 lari
143 1058 227 1102 par
267 1045 351 1098 sit,
392 1058 478 1087 non
516 1044 562 1087 in
602 1043 911 1102 perversitatis
948 1042 1113 1085 crimen
1150 1057 1227 1085 eos
1266 1041 1507 1087 adducunt.

26 1099 145 1144 Nam
164 1101 399 1159 pravitatis
419 1115 473 1160 op
508 1101 704 1144 rohrium
725 1101 796 1143 his
818 1115 860 1146 v.
887 1100 1025 1143 inest:
1061 1096 1137 1142 τὸν
1165 1098 1506 1156 παραβάτην

27 1153 181 1210 νόμου.
240 1157 459 1200 Similiter
521 1158 702 1201 uec-hert.
723 1154 980 1213 γράμματος
998 1155 1212 1199 vocabulo
1237 1156 1411 1208 πνεῦμα
1436 1159 1507 1197 ta-

28 1213 117 1256 cite
143 1215 305 1272 opponi
333 1215 601 1273 suspicatur.
670 1214 840 1257 Verum
870 1213 984 1256 enim
1015 1227 1119 1256 vero
1157 1227 1201 1258 v.
1240 1213 1312 1257 29.
1339 1213 1436 1266 ⁷,6.
1462 1215 1511 1253 et:

30 1271 62 1312 2
81 1269 185 1314 Cor.
203 1271 297 1325 3,6.
323 1272 486 1314 diserta
513 1277 583 1313 est
608 1271 842 1327 utriusque
867 1285 963 1313 voc.
990 1269 1240 1328 oppositio,
1285 1268 1402 1326 quod
1431 1268 1510 1310 hic

31 1341 158 1370 secus
175 1333 261 1372 est.
316 1327 491 1370 Deinde
511 1328 552 1370 si
571 1327 749 1383 γράμμα
772 1327 1034 1384 simpliciter
1054 1341 1134 1384 pro
1161 1321 1184 1368 ὅ
1214 1322 1350 1379 νόμος
1376 1325 1401 1367 ὁ
1431 1340 1510 1381 γε-

31 1383 279 1440 γραμμένος
305 1391 510 1427 sumatur
538 1385 799 1427 senteutiam
828 1384 1072 1439 tautologia
1099 1382 1305 1424 laborare
1331 1383 1404 1479 5:58*
1432 1379 1515 1423 τὸν

33 1440 125 1482 ὁιά
149 1437 320 1494 νόμου
338 1442 412 1483 καὶ
435 1456 492 1483 πε
524 1443 681 1496 ιτομῆς
707 1436 1045 1498 παραβάτην
1067 1436 1262 1494 νόμου)
1292 1439 1331 1480 si
1364 1438 1380 1479 i
1438 1451 1511 1479 er-

32 1496 194 1541 suasit.
253 1495 476 1539 Nimirum
495 1457 725 1540 (baecken-t.
749 1497 793 1539 in
813 1497 870 1540 iis
890 1511 932 1541 v.
952 1496 1242 1551 tautologiam
1267 1493 1400 1553 depre
1435 1508 1514 1536 en·-

34 1551 126 1607 dit,
157 1552 318 1610 quibus
338 1551 392 1598 Ρ,
415 1552 609 1595 orationi
627 1552 713 1594 vim
733 1567 783 1594 ac
813 1567 973 1604 nervos
1004 1552 1321 1609 quaesivisset:
1359 1556 1404 1594 te
1433 1549 1515 1607 qui

32 1623 166 1667 quum
185 1610 320 1666 Iegem
337 1609 498 1652 habeas
517 1610 651 1664 Ieyem
671 1623 866 1664 rumpas,
921 1607 1157 1651 Postremo
1174 1607 1237 1651 V.
1269 1607 1331 1651 D.
1361 1608 1432 1650 vel
1455 1605 1514 1649 ad

34 1667 64 1709 h
128 1667 300 1722 allagen
319 1681 416 1709 cum
435 1667 633 1718 (ἶιιῖυἰηο,
665 1666 750 1722 qua
775 1664 851 1708 διὰ
881 1661 1240 1721 γράμματοςκαὶ
1266 1664 1516 1721 περιτομῆς

33 1723 151 1766 iem
174 1724 342 1781 polleat
368 1721 485 1781 quod
510 1719 586 1764 διὰ
610 1724 932 1778 περιτομῆς
961 1718 1316 1778 γράμματος,
1356 1720 1428 1764 vel
1455 1718 1517 1762 ad

34 1776 83 1823 ἓν
112 1779 187 1822 διὰ
213 1780 359 1832 δυοῖν,
431 1795 487 1822 uo
516 1778 737 1821 schemate
765 1777 841 1821 διὰ
872 1775 1131 1835 γράμματος
1158 1777 1234 1819 καὶ
1266 1781 1516 1834 περιτομῆς

33 1835 152 1880 idem
183 1837 265 1889 sit,
313 1795 430 1893 quoii
460 1833 535 1879 διὰ
567 1832 896 1892 γράμματος
927 1834 1264 1891 περιτομῆς,
1302 1834 1518 1889 confugit,

35 1897 129 1936 tum
151 1892 268 1949 quod
293 1897 511 1937 alterutro
539 1893 759 1935 schemate
789 1891 976 1948 adeptus
1005 1894 1101 1934 erat
1130 1905 1211 1948 pro
1245 1891 1319 1932 διὰ
1351 1905 1516 1946 περι-

37 1951 215 2006 τομῆς
233 1948 287 1992 ἐν
313 1948 606 2009 γράμματι
625 1949 790 1991 dictum
806 1948 918 2008 jecit
934 1947 1067 2004 idque
1093 1961 1252 1990 rursus
1280 1946 1344 1988 sic
1374 1945 1516 2004 expli-

38 2007 131 2049 cuit
148 2021 194 2065 p.
215 2006 323 2050 113:
363 2021 497 2064 quum
518 2005 894 2048 circumcisionem
914 2005 1102 2058 habeas,
1139 2019 1246 2060 qaae
1282 2003 1333 2048 V.
1366 2002 1418 2046 T.
1446 2003 1517 2044 in-

35 2062 161 2120 qem‘o
186 2065 458 2119 respondeat.
524 2062 715 2105 Etiamsi
744 2063 851 2104 haec
881 2062 1049 2115 omnia,
1086 2075 1270 2117 quorum
1300 2059 1414 2101 nihil
1441 2072 1518 2100 ve-

38 2133 136 2164 rum
153 2123 248 2174 est,
275 2126 393 2163 recte
416 2119 531 2162 (licta
553 2121 749 2177 putaris,
777 2124 924 2162 tamen
944 2117 1175 2161 Rueck-erte·
1204 2116 1391 2158 consilio
1417 2129 1520 2158 sen-

38 2177 224 2219 tentiam
246 2177 469 2236 corrumpi
488 2176 673 2218 fatearis
693 2190 874 2218 necesse
897 2179 990 2219 est:
1019 2178 1064 2216 te
1085 2173 1161 2230 qui
1187 2172 1519 2215 circumcisione

42 2232 102 2275 ad
128 2232 181 2278 V.
202 2233 255 2277 T.
272 2235 486 2291 inqenium
502 2234 826 2277 accommodata
853 2231 984 2289 (quid
1012 2232 1092 2274 hoc
1121 2228 1177 2271 ad
1206 2234 1406 2272 nostrum
1431 2224 1521 2283 12)

44 2292 254 2344 ornatus,
279 2294 425 2333 tamen
446 2290 650 2348 legirupa
669 2289 750 2334 sis.
807 2288 906 2332 Imo
928 2289 1010 2330 hoc
1035 2287 1231 2344 graviter
1260 2285 1445 2329 dicitur:
1473 2289 1521 2327 te

77 2344 125 2387 ui
160 2345 293 2401 leyem
332 2352 377 2389 et
412 2347 788 2389 circumcisionem
827 2345 1011 2397 bahem,
1042 2349 1187 2386 tamen
1216 2343 1351 2399 leyem
1377 2341 1520 2385 violes.

46 2359 264 2457 Quocirca
282 2400 461 2460 γράμμα
479 2404 622 2458 legem
639 2403 787 2445 literis
803 2401 1105 2456 consignatam
1136 2400 1181 2442 h.
1212 2413 1253 2442 e.
1284 2398 1519 2441 mosaicam

45 2458 145 2515 (τὸν
177 2455 332 2513 νόμον)
359 2460 477 2503 valet
509 2461 604 2502 sine
631 2460 723 2501 ulla
753 2458 969 2516 emphasi.
1038 2457 1277 2513 Superest,
1310 2460 1360 2498 ut
1387 2469 1521 2498 mem·-

45 2516 174 2558 h'rum
194 2516 417 2581 posterius
436 2515 492 2558 ad
514 2517 639 2574 prius
659 2516 777 2558 helle
806 2521 938 2571 atque
966 2513 1030 2555 ita
1056 2512 1216 2555 referri
1245 2510 1443 2564 doceam,
1472 2517 1522 2553 ut
1582 2518 1587 2521 ’

46 2572 217 2615 notionl
238 2572 382 2626 notio,
412 2573 656 2615 sententiae
675 2572 895 2614 sententia
917 2574 1042 2613 acute
1070 2567 1348 2627 respondeat.
1403 2567 1523 2611 Nam

48 2628 196 2672 verbis
218 2622 244 2685 ἢ
267 2626 313 2671 ἐκ
335 2628 512 2684 φύσεως
531 2625 799 2684 ἀκροβυστία
821 2631 940 2669 recte
968 2626 1204 2692 opponitur
1232 2623 1256 2667 ὃ
1284 2625 1359 2668 διὰ
1383 2622 1524 2679 νόμου

50 2686 126 2727 καὶ
143 2686 389 2740 περιτομῆς
412 2678 480 2726 ὢν.
539 2684 657 2741 Quip
691 2699 713 2726 e
736 2684 864 2725 homo
884 2683 1065 2738 gentilis
1084 2681 1357 2738 praeputium
1379 2696 1407 2725 a
1433 2695 1522 2724 na-

49 2745 181 2785 tura
208 2743 397 2796 accepit,
435 2740 562 2783 homo
584 2699 942 2795 JuAEne11slege1n
973 2738 1060 2785 div.
1090 2739 1136 2781 in
1162 2739 1301 2795 eaque
1332 2739 1524 2796 impera-

53 2801 140 2840 tam
167 2797 543 2840 circumcisionem
574 2812 657 2839 non
688 2801 894 2850 naturae,
929 2796 1003 2838 sed
1027 2796 1406 2839 extraordinariae
1435 2793 1524 2836 cui-

53 2855 152 2898 dam
173 2855 276 2898 Des
299 2855 554 2899 liberalitati
585 2858 807 2912 acceptam
841 2852 1030 2901 rettulit.
1092 2852 1245 2900 Verba
1276 2857 1419 2896 autem
1452 2849 1523 2894 τὸν
