1752 3347
246 145 335 192 282
525 140 909 188 EPISTOLA
938 141 1041 186 AD
1075 141 1439 192 ROMANOS

246 254 294 292 et
318 246 469 292 Reich.
496 246 744 291 obsoletum
776 251 1065 292 commentum
1095 249 1190 292 nixi
1218 249 1331 293 locis
1358 249 1467 296 Act.
1494 253 1576 308 24,
1608 254 1650 299 5.
1671 256 1717 301 6.

244 308 273 347 2
293 304 396 349 Cor.
419 304 470 358 8,
489 306 560 351 19.
585 319 639 348 ex
661 306 947 348 Anacolutho
967 312 1059 348 tum
1079 306 1371 364 explanandis
1389 310 1482 349 tum
1502 323 1526 350 a
1547 324 1612 353 me
1630 312 1664 355 1.
1682 312 1717 357 l.

243 363 496 420 explanatis
514 376 723 406 revocare
737 377 879 421 nuper
900 364 1102 418 aggressi
1125 368 1245 409 sunt.
1301 363 1433 407 Nihil
1451 365 1582 407 etiam
1600 372 1719 421 agat,

243 419 286 461 si
308 419 408 476 quis
431 418 488 460 ad
509 419 776 462 Graecorum
798 435 924 462 usum
976 425 1168 464 revocet.
1223 420 1437 465 Afferunt
1454 437 1560 475 sane
1591 423 1719 466 scho-

241 476 406 518 liastae
432 475 480 517 in
504 477 628 519 illam
659 491 751 520 rem
778 475 912 522 Hom.
968 479 1001 522 l.
1021 478 1073 531 8,
1100 478 1202 521 307.
1221 474 1374 535 μήκων
1399 475 1501 529 δ’ὡς
1527 475 1720 536 ἑτέρωσε

240 528 355 588 κάρη
373 530 521 587 βάλεν,
552 531 616 592 ἥτ’
630 532 692 577 ἔνι’
711 530 841 591 κήπῳ
871 536 1029 593 καρπῷ
1049 537 1261 593 βριθομ
1274 533 1328 578 έν
1341 552 1366 592 η
1386 537 1471 591 (sc.
1493 534 1613 578 ἐστίν
1629 535 1660 579 i.
1672 549 1719 592 q.

240 589 476 644 βρίθεται)
486 615 557 644 -,
585 589 663 633 sed
681 591 882 650 eorrupit
893 593 1274 636 eoruminventum
1287 592 1404 637 EA.
1416 591 1589 647 Wolfius
1599 597 1720 634 recte

238 646 619 704 interpungendo:
646 644 799 704 μήκων
820 673 876 682 --
894 647 1050 704 βάλεν,
1082 645 1144 706 ἣτ’
1165 647 1229 691 ἑνὶ
1245 646 1375 704 κήπῳ
1406 652 1490 706 (sc.
1521 647 1543 691 ἐ
1554 662 1615 691 στ
1629 649 1716 747 lug,

241 705 404 760 καρπῷ
431 703 757 762 βριθομένη
783 731 864 751 -.
920 706 1103 750 Rectius
1134 703 1220 748 huc
1248 707 1419 750 referas
1441 705 1579 763 Soph.
1602 704 1670 748 Oe
1703 736 1719 750 .

243 759 305 804 T.
329 773 372 804 V.
398 760 499 806 15⁷.
530 757 690 815 πρῶτά
715 768 766 804 σε
794 760 1136 818 κεκλόμενος
1163 765 1248 818 (sc.
1267 759 1360 816 εἶμί
1376 763 1408 807 i.
1430 778 1474 821 q.
1508 761 1720 817 κέλομαι)

238 839 296 849 -
320 820 366 860 ct
385 817 557 862 Aesch.
578 817 708 863 Eum.
727 833 769 863 V.
788 820 860 866 68.
879 821 981 866 360.
999 819 1101 865 783.
1122 820 1259 863 Dind.
1316 818 1624 862 Veruntamen
1644 818 1717 861 hie

237 886 347 916 usus
367 873 423 916 ad
444 876 673 932 prosarios
695 877 939 935 scriptores
966 878 1144 920 minime
1168 875 1379 933 pertinet.
1438 876 1717 932 Quamquam

237 933 289 971 ut
307 928 362 975 P.
383 929 657 985 καυχώμενοι
677 947 739 977 sc.
761 933 891 987 ἐσμέν
914 949 996 993 pro
1027 932 1297 986 καυχώμεθα
1326 933 1525 975 scrihere
1558 939 1716 989 potue-

237 987 323 1040 rit,
353 987 471 1045 quod
490 1003 602 1044 nego
616 1021 628 1042 ,
658 993 803 1032 tamen
822 990 868 1032 id
887 991 931 1035 h.
950 992 985 1035 l.
1004 990 1060 1032 ab
1079 1005 1131 1032 eo
1153 992 1315 1032 sactum
1341 1003 1439 1033 esse
1470 989 1584 1031 male
1614 1003 1718 1046 per-

235 1043 413 1089 hiheas.
480 1044 640 1102 Neque
676 1047 791 1088 enim
823 1048 993 1105 patitur
1019 1048 1259 1090 sententia.
1327 1045 1444 1089 Nam
1474 1059 1607 1103 quum
1635 1045 1719 1097 hoe

235 1105 367 1158 pacto
391 1104 606 1157 speranda
624 1103 819 1145 felicitas
835 1105 1080 1159 praesentis
1099 1103 1306 1159 temporis
1324 1103 1525 1145 lactitiae
1547 1102 1593 1143 in
1613 1116 1716 1158 gra-

234 1157 416 1201 datione
439 1166 739 1217 opponeretur
767 1162 874 1216 (non
897 1161 1038 1203 solum
1060 1167 1206 1202 autem
1233 1160 1350 1203 beati
1376 1161 1604 1211 erimus,
1634 1157 1717 1202 sed

234 1215 371 1258 etiam
397 1215 713 1271 triumphamus
744 1216 798 1258 de
825 1216 915 1260 Dei
944 1218 1096 1260 favore
1133 1219 1263 1272 etc.)‚
1303 1222 1515 1275 apparet,
1555 1214 1635 1270 Ρ.,
1673 1216 1714 1258 si

232 1271 316 1315 hoc
337 1273 487 1328 eloqui
504 1273 746 1327 voluisset,
778 1277 953 1331 tempus
972 1275 1169 1317 futurum
1192 1280 1235 1317 et
1259 1287 1472 1332 praesens
1499 1274 1618 1316 clare
1646 1271 1715 1315 di·-

231 1329 465 1385 stinguere
482 1331 737 1388 oportuisse
756 1330 801 1374 h.
822 1331 918 1374 fere
939 1346 1020 1376 m.:
1049 1328 1101 1374 οὐ
1121 1329 1258 1383 μόνον
1288 1331 1337 1374 δὲ
1366 1326 1714 1387 σωθησόμε-

231 1382 309 1427 Sc}
348 1400 511 1438 ποτε,
560 1382 675 1428 ἀλλὰ
701 1388 778 1429 καὶ
812 1389 904 1431 νῦν
940 1387 1297 1442 καυχώμενοι
1343 1390 1429 1444 (sc.
1461 1386 1627 1441 ἐσμέν).
1655 1410 1714 1418 —

230 1440 476 1487 Praeterea
490 1443 566 1486 νῦν
584 1443 734 1486 obstat
762 1443 839 1543 (ἱῖδί
864 1436 916 1487 οὗ
944 1445 1035 1487 νῦν
1062 1461 1102 1488 τ.
1124 1462 1162 1486 κ.
1183 1444 1241 1501 ἐ.)
1258 1444 1322 1486 sic
1342 1459 1474 1487 sensu
1498 1444 1614 1486 omni
1635 1442 1713 1486 de-

231 1500 458 1544 stitutum.
524 1498 734 1544 Ceterum
813 1501 946 1555 eich„
993 1516 1124 1557 quum
1152 1502 1237 1545 div.
1269 1500 1436 1558 favoris
1462 1515 1585 1542 usum
1613 1499 1712 1555 sru-

229 1561 430 1613 ctumquc
449 1571 476 1598 α
492 1557 681 1611 ,qun-iasa
704 1557 837 1616 hujus
858 1557 1062 1600 beneficii
1084 1558 1309 1611 adeptione
1328 1557 1371 1601 h.
1390 1558 1423 1602 l.
1449 1556 1710 1613 gradatione

229 1612 425 1655 discerni
443 1612 635 1666 diceret,
666 1612 752 1656 duo
775 1616 988 1671 peccavit.
1046 1613 1164 1656 Male
1192 1614 1306 1656 enim
1335 1613 1391 1655 ad
1421 1629 1462 1658 v.
1496 1610 1550 1656 οὗ
1574 1610 1712 1666 μόνον

229 1668 282 1712 δέ
302 1674 447 1712 mente
469 1669 632 1728 adjecit
656 1670 1084 1727 κατηλλάγημεν
1112 1673 1186 1712 καὶ
1214 1670 1526 1726 σωθησόμεθα
1555 1676 1619 1726 (τ’.
1640 1670 1711 1712 in-

227 1727 336 1780 fra).
395 1726 572 1770 Deinde
598 1727 747 1770 verbis
777 1726 966 1787 subjecit
995 1728 1282 1780 sententiam,
1314 1742 1443 1784 quam
1475 1741 1711 1782 argumen-

226 1782 360 1826 tando
385 1782 490 1826 inde
509 1798 590 1843 pro
609 1783 799 1826 arbitrio
820 1785 1096 1841 collegisset.
1139 1783 1322 1826 Scilicet
1342 1799 1473 1841 quum
1496 1784 1711 1838 homines,

227 1841 306 1898 qui
326 1839 380 1882 de
397 1839 489 1882 Dei
508 1856 656 1883 amore
676 1841 764 1882 sibi
786 1842 911 1883 nulla
933 1843 1098 1884 virtute
1125 1840 1440 1884 commendatis
1475 1855 1555 1899 per
1577 1840 1709 1884 Chri-

227 1903 347 1940 stum
375 1902 638 1956 recuperato
669 1901 788 1939 recte
813 1898 1110 1955 triumphent,
1144 1898 1329 1952 ylarioso
1356 1898 1522 1940 honore
1552 1912 1577 1939 a
1607 1896 1708 1940 Deo

225 1960 274 1998 et
296 1954 476 1998 Christo
498 1954 680 1998 affectos
700 1969 798 1996 esse
821 1969 968 1997 secum
993 1958 1270 2013 reputasset,
1300 1955 1507 1996 continuo
1537 1954 1707 2001 verbis:

226 2026 373 2055 verum
400 2014 536 2055 etiam
560 2013 798 2069 yloriamur
817 2012 870 2054 de
891 2012 980 2055 Dei
998 2012 1149 2069 favore
1170 2011 1329 2054 Christi
1346 2011 1567 2065 beneficio:
1595 2010 1707 2054 hano

226 2068 492 2111 sententiam
515 2070 700 2112 subesse
719 2069 984 2112 affirmavit:
1013 2067 1092 2111 sed
1112 2068 1244 2110 etiam
1270 2068 1452 2124 ylario-ee
1470 2069 1548 2110 ade
1581 2068 1615 2110 ti
1633 2082 1708 2110 su-

224 2139 320 2168 mus
343 2130 420 2183 τῆς
437 2124 656 2184 σωτηρίας
673 2140 795 2184 spem
815 2126 906 2169 Dei
934 2130 979 2168 et
1001 2125 1172 2170 Christi
1201 2139 1348 2168 amore
1376 2082 1606 2178 honorilice
1634 2139 1706 2168 re-

224 2188 446 2239 cuperato,
502 2182 670 2226 Eodem
699 2184 890 2227 artificio
920 2198 1053 2241 quum
1083 2183 1162 2225 alii
1189 2182 1303 2233 alia,
1332 2186 1425 2223 tum
1449 2182 1594 2236 Pelay.
1622 2182 1705 2224 hoe

224 2254 250 2282 e
266 2254 307 2284 v.
327 2240 600 2299 exsculpsit:
627 2273 654 2294 ‚,
669 2255 753 2283 non
775 2242 919 2283 solum
938 2241 1065 2283 nobis
1092 2241 1182 2282 vita
1210 2238 1390 2281 dabitur
1417 2239 1705 2296 sempiterna,

224 2297 306 2339 sed
326 2298 459 2340 ctiam
479 2299 690 2353 quaedam
715 2298 949 2341 similitudo
976 2313 1056 2354 per
1076 2297 1290 2340 Christum
1315 2297 1589 2350 promittitur
1616 2296 1706 2342 div.

223 2355 386 2407 ‹flor-iae
403 2355 508 2399 —.”
561 2354 736 2413 Nempe
760 2356 1037 2414 triumphare
1068 2369 1146 2396 uos
1176 2352 1229 2395 de
1250 2353 1340 2396 Dei
1361 2367 1510 2395 amore
1530 2352 1703 2396 Christi

221 2401 462 2466 beneficio,
490 2414 603 2470 quod
627 2413 748 2456 illum
764 2414 996 2468 propitium
1020 2412 1190 2469 fuctum
1215 2411 1300 2454 div.
1324 2410 1604 2466 majestatem
1623 2422 1697 2452 no-

225 2467 292 2509 bis
319 2484 617 2513 concessurum
645 2485 736 2513 csse
760 2470 956 2513 Gla-istus
980 2469 1317 2525 pronmlyaveru
1344 2465 1401 2511 P.
1421 2468 1464 2510 h.
1484 2467 1517 2511 l.
1552 2466 1697 2509 diem

223 2525 412 2581 primum
433 2541 490 2569 ex
509 2525 535 2569 I
555 2527 657 2572 Joh.
678 2527 720 2580 3,
738 2527 781 2571 2.
799 2531 964 2570 temere
995 2525 1236 2578 conclusit,
1263 2524 1423 2568 deiude
1451 2524 1697 2581 praefracto

224 2583 467 2628 contendit.
538 2586 618 2629 Er.
647 2585 918 2637 Schmidius,
965 2584 1073 2627 n'iu.
1103 2584 1134 2628 l.
1163 2598 1202 2626 c.
1233 2583 1294 2626 al.
1325 2582 1532 2640 repetitis
1558 2579 1614 2623 ad
1642 2575 1695 2621 οὐ

226 2636 362 2691 μόνον
389 2641 437 2683 δέ
464 2642 612 2686 verbis
642 2657 682 2687 v.
705 2644 774 2686 10.
804 2639 1146 2697 καταλλαγέντες
1175 2638 1485 2695 σωθησόμεθα
1506 2635 1695 2680 Par-tici-

228 2697 347 2754 pium
367 2697 632 2753 καυχώμενοι
661 2713 692 2746 ο
721 2695 1029 2753 σωθησόμεθα
1059 2696 1402 2755 suspenderunt.
1461 2693 1691 2739 Sententia

226 2756 391 2813 optime
409 2748 768 2814 eomparata'est:
797 2771 882 2798 uon
905 2756 1047 2798 solnm
1069 2763 1214 2797 autem
1232 2755 1349 2796 volut
1371 2753 1582 2801 homiues,
1615 2752 1691 2808 qui

227 2814 272 2857 in
294 2814 481 2872 gratiam
507 2829 602 2858 cum
622 2815 795 2862 numine
815 2813 1103 2870 redierimus,
1129 2811 1208 2858 scd
1225 2813 1359 2860 etiam
1388 2816 1595 2867 tanquam
1622 2815 1690 2852 ta-
