<?xml version="1.0" encoding="UTF-8"?>
<!DOCTYPE html PUBLIC "-//W3C//DTD XHTML 1.0 Transitional//EN"
    "http://www.w3.org/TR/xhtml1/DTD/xhtml1-transitional.dtd">
<html xmlns="http://www.w3.org/1999/xhtml" xml:lang="en" lang="en">
 <head>
  <title>
</title>
<meta http-equiv="Content-Type" content="text/html;charset=utf-8" />
  <meta name='ocr-system' content='tesseract 3.04.00' />
  <meta name='ocr-capabilities' content='ocr_page ocr_carea ocr_par ocr_line ocrx_word'/>
</head>
<body>
  <div class='ocr_page' id='page_1' title='image "./pauliadromanosep01frituoft_0268.png"; bbox 0 0 1752 3347; ppageno 0'>
   <div class='ocr_carea' id='block_1_1' title="bbox 198 149 1393 200">
    <p class='ocr_par' dir='ltr' id='par_1_1' title="bbox 198 149 1393 200">
     <span class='ocr_line' id='line_1_1' title="bbox 198 149 1393 200; baseline 0.001 -2"><span class='ocrx_word' id='word_1_1' title='bbox 198 158 285 200; x_wconf 75' lang='lat'><strong>206</strong></span> <span class='ocrx_word' id='word_1_2' title='bbox 477 151 861 198; x_wconf 81' lang='lat' dir='ltr'><strong>EPISTOLA</strong></span> <span class='ocrx_word' id='word_1_3' title='bbox 894 151 997 194; x_wconf 89' lang='lat' dir='ltr'><strong>AD</strong></span> <span class='ocrx_word' id='word_1_4' title='bbox 1029 149 1393 199; x_wconf 81' lang='lat' dir='ltr'>ROMANOS</span> 
     </span>
    </p>
   </div>
   <div class='ocr_carea' id='block_1_2' title="bbox 197 255 1679 2879">
    <p class='ocr_par' dir='ltr' id='par_1_2' title="bbox 197 255 1679 2879">
     <span class='ocr_line' id='line_1_2' title="bbox 201 255 1672 315; baseline 0 -10"><span class='ocrx_word' id='word_1_5' title='bbox 201 264 430 305; x_wconf 81' lang='lat' dir='ltr'><strong>immutato</strong></span> <span class='ocrx_word' id='word_1_6' title='bbox 462 266 562 302; x_wconf 85' lang='lat' dir='ltr'><strong>ante</strong></span> <span class='ocrx_word' id='word_1_7' title='bbox 594 274 634 302; x_wconf 77' lang='grc' dir='ltr'><strong>ν.</strong></span> <span class='ocrx_word' id='word_1_8' title='bbox 667 257 742 301; x_wconf 77' lang='grc' dir='ltr'><em>διὰ</em></span> <span class='ocrx_word' id='word_1_9' title='bbox 765 256 902 299; x_wconf 78' lang='grc' dir='ltr'><strong><em>ποίου</em></strong></span> <span class='ocrx_word' id='word_1_10' title='bbox 935 255 1095 310; x_wconf 72' lang='grc' dir='ltr'><em>νόμους</em></span> <span class='ocrx_word' id='word_1_11' title='bbox 1126 272 1207 315; x_wconf 89' lang='lat' dir='ltr'><strong>pro</strong></span> <span class='ocrx_word' id='word_1_12' title='bbox 1234 259 1421 302; x_wconf 84' lang='lat' dir='ltr'><strong>arbitrio</strong></span> <span class='ocrx_word' id='word_1_13' title='bbox 1441 261 1552 305; x_wconf 86' lang='lat' dir='ltr'><strong>hane</strong></span> <span class='ocrx_word' id='word_1_14' title='bbox 1573 277 1672 305; x_wconf 82' lang='lat' dir='ltr'><strong>sen-</strong></span> 
     </span>
     <span class='ocr_line' id='line_1_3' title="bbox 204 308 1672 375; baseline 0 -13"><span class='ocrx_word' id='word_1_15' title='bbox 204 318 386 362; x_wconf 80' lang='lat' dir='ltr'>tentiam</span> <span class='ocrx_word' id='word_1_16' title='bbox 416 316 663 375; x_wconf 72' lang='lat' dir='ltr'><strong>supplevit:</strong></span> <span class='ocrx_word' id='word_1_17' title='bbox 710 315 932 356; x_wconf 82' lang='grc' dir='ltr'><em>δικαιοῖ</em></span> <span class='ocrx_word' id='word_1_18' title='bbox 962 308 1100 369; x_wconf 74' lang='grc' dir='ltr'><strong><em>ἡμᾶς</em></strong></span> <span class='ocrx_word' id='word_1_19' title='bbox 1137 312 1161 356; x_wconf 78' lang='grc' dir='ltr'><em>ὃ</em></span> <span class='ocrx_word' id='word_1_20' title='bbox 1190 312 1339 366; x_wconf 73' lang='grc' dir='ltr'><strong>θεός.</strong></span> <span class='ocrx_word' id='word_1_21' title='bbox 1406 315 1505 372; x_wconf 74' lang='lat' dir='ltr'><strong>Quo</strong></span> <span class='ocrx_word' id='word_1_22' title='bbox 1534 320 1672 362; x_wconf 86' lang='lat' dir='ltr'><strong>inter-</strong></span> 
     </span>
     <span class='ocr_line' id='line_1_4' title="bbox 200 367 1671 431; baseline -0.001 -13"><span class='ocrx_word' id='word_1_23' title='bbox 200 375 474 431; x_wconf 80' lang='lat' dir='ltr'><strong>rogationem</strong></span> <span class='ocrx_word' id='word_1_24' title='bbox 501 372 700 415; x_wconf 84' lang='lat' dir='ltr'><strong>rettulit:</strong></span> <span class='ocrx_word' id='word_1_25' title='bbox 741 368 814 412; x_wconf 74' lang='grc' dir='ltr'><em>διὰ</em></span> <span class='ocrx_word' id='word_1_26' title='bbox 842 369 978 412; x_wconf 77' lang='grc' dir='ltr'><em>ποίου</em></span> <span class='ocrx_word' id='word_1_27' title='bbox 1006 367 1168 424; x_wconf 58' lang='lat' dir='ltr'><strong>minem</strong></span> <span class='ocrx_word' id='word_1_28' title='bbox 1209 372 1307 416; x_wconf 87' lang='lat' dir='ltr'><strong>scil.</strong></span> <span class='ocrx_word' id='word_1_29' title='bbox 1333 375 1467 415; x_wconf 79' lang='grc' dir='ltr'><strong><em>τοῦτο</em></strong></span> <span class='ocrx_word' id='word_1_30' title='bbox 1488 372 1671 429; x_wconf 74' lang='grc' dir='ltr'><strong>ἐγένετο.</strong></span> 
     </span>
     <span class='ocr_line' id='line_1_5' title="bbox 200 427 1673 490; baseline -0.002 -14"><span class='ocrx_word' id='word_1_31' title='bbox 200 432 364 477; x_wconf 79' lang='lat' dir='ltr'><strong>Eodem</strong></span> <span class='ocrx_word' id='word_1_32' title='bbox 379 431 480 490; x_wconf 85' lang='lat' dir='ltr'><strong>jure</strong></span> <span class='ocrx_word' id='word_1_33' title='bbox 502 430 665 471; x_wconf 84' lang='lat' dir='ltr'><strong>multas</strong></span> <span class='ocrx_word' id='word_1_34' title='bbox 685 427 797 469; x_wconf 89' lang='lat' dir='ltr'><strong>alias</strong></span> <span class='ocrx_word' id='word_1_35' title='bbox 818 427 1089 480; x_wconf 80' lang='lat' dir='ltr'><strong>sententias,</strong></span> <span class='ocrx_word' id='word_1_36' title='bbox 1120 442 1232 484; x_wconf 89' lang='lat' dir='ltr'><strong>quae</strong></span> <span class='ocrx_word' id='word_1_37' title='bbox 1253 430 1295 470; x_wconf 90' lang='lat' dir='ltr'><strong>in</strong></span> <span class='ocrx_word' id='word_1_38' title='bbox 1319 436 1504 471; x_wconf 80' lang='lat' dir='ltr'><strong>mentem</strong></span> <span class='ocrx_word' id='word_1_39' title='bbox 1528 433 1673 474; x_wconf 70' lang='lat' dir='ltr'><strong>venis-</strong></span> 
     </span>
     <span class='ocr_line' id='line_1_6' title="bbox 199 483 1676 545; baseline -0.002 -13"><span class='ocrx_word' id='word_1_40' title='bbox 199 494 320 541; x_wconf 82' lang='lat' dir='ltr'><strong>sent,</strong></span> <span class='ocrx_word' id='word_1_41' title='bbox 351 493 451 545; x_wconf 80' lang='lat' dir='ltr'><strong>post</strong></span> <span class='ocrx_word' id='word_1_42' title='bbox 474 483 730 540; x_wconf 65' lang='grc' dir='ltr'><em>ἐξεκλείσθη</em></span> <span class='ocrx_word' id='word_1_43' title='bbox 753 484 1009 541; x_wconf 74' lang='lat' dir='ltr'><strong>supplereS,</strong></span> <span class='ocrx_word' id='word_1_44' title='bbox 1043 484 1081 525; x_wconf 85' lang='lat' dir='ltr'><strong>si</strong></span> <span class='ocrx_word' id='word_1_45' title='bbox 1103 484 1209 527; x_wconf 81' lang='lat' dir='ltr'><strong>haec</strong></span> <span class='ocrx_word' id='word_1_46' title='bbox 1233 485 1467 542; x_wconf 86' lang='lat' dir='ltr'><strong>interpreti</strong></span> <span class='ocrx_word' id='word_1_47' title='bbox 1495 487 1676 529; x_wconf 84' lang='lat' dir='ltr'><strong>licentia</strong></span> 
     </span>
     <span class='ocr_line' id='line_1_7' title="bbox 199 541 1674 599; baseline -0.001 -11"><span class='ocrx_word' id='word_1_48' title='bbox 199 561 407 589; x_wconf 78' lang='lat' dir='ltr'><strong>concessa</strong></span> <span class='ocrx_word' id='word_1_49' title='bbox 428 548 571 595; x_wconf 83' lang='lat' dir='ltr'><strong>esset,</strong></span> <span class='ocrx_word' id='word_1_50' title='bbox 603 547 649 584; x_wconf 86' lang='lat' dir='ltr'><strong>ut</strong></span> <span class='ocrx_word' id='word_1_51' title='bbox 671 541 862 597; x_wconf 80' lang='lat' dir='ltr'><strong>singulis</strong></span> <span class='ocrx_word' id='word_1_52' title='bbox 882 541 968 583; x_wconf 85' lang='lat' dir='ltr'><strong>scri</strong></span> <span class='ocrx_word' id='word_1_53' title='bbox 990 541 1117 583; x_wconf 74' lang='lat' dir='ltr'><strong>»toris</strong></span> <span class='ocrx_word' id='word_1_54' title='bbox 1142 543 1377 585; x_wconf 76' lang='lat' dir='ltr'>sententiis</span> <span class='ocrx_word' id='word_1_55' title='bbox 1411 558 1516 585; x_wconf 84' lang='lat' dir='ltr'><strong>suas</strong></span> <span class='ocrx_word' id='word_1_56' title='bbox 1541 558 1674 599; x_wconf 82' lang='lat' dir='ltr'><strong>quas-</strong></span> 
     </span>
     <span class='ocr_line' id='line_1_8' title="bbox 201 557 1676 657; baseline -0.003 -11"><span class='ocrx_word' id='word_1_57' title='bbox 201 604 301 646; x_wconf 91' lang='lat' dir='ltr'><strong>dam</strong></span> <span class='ocrx_word' id='word_1_58' title='bbox 323 600 568 643; x_wconf 84' lang='lat' dir='ltr'><strong>sententias</strong></span> <span class='ocrx_word' id='word_1_59' title='bbox 589 601 906 656; x_wconf 74' lang='lat' dir='ltr'><strong>interponeret.</strong></span> <span class='ocrx_word' id='word_1_60' title='bbox 967 557 1170 642; x_wconf 49' lang='lat' dir='ltr'><strong>hetorum</strong></span> <span class='ocrx_word' id='word_1_61' title='bbox 1204 614 1289 642; x_wconf 87' lang='lat' dir='ltr'><strong>non</strong></span> <span class='ocrx_word' id='word_1_62' title='bbox 1320 615 1430 655; x_wconf 83' lang='lat' dir='ltr'><strong>nego</strong></span> <span class='ocrx_word' id='word_1_63' title='bbox 1458 599 1676 657; x_wconf 84' lang='lat' dir='ltr'><strong>equidem,</strong></span> 
     </span>
     <span class='ocr_line' id='line_1_9' title="bbox 198 655 1676 720; baseline -0.002 -18"><span class='ocrx_word' id='word_1_64' title='bbox 198 660 398 720; x_wconf 79' lang='lat' dir='ltr'><strong>potuisse</strong></span> <span class='ocrx_word' id='word_1_65' title='bbox 417 659 558 712; x_wconf 81' lang='lat' dir='ltr'><strong>legem</strong></span> <span class='ocrx_word' id='word_1_66' title='bbox 581 671 716 708; x_wconf 69' lang='grc'><strong>11103..</strong></span> <span class='ocrx_word' id='word_1_67' title='bbox 747 656 787 698; x_wconf 88' lang='lat' dir='ltr'><strong>si</strong></span> <span class='ocrx_word' id='word_1_68' title='bbox 807 655 906 712; x_wconf 87' lang='lat' dir='ltr'><strong>quis</strong></span> <span class='ocrx_word' id='word_1_69' title='bbox 928 660 1047 698; x_wconf 85' lang='lat' dir='ltr'><strong>reete</strong></span> <span class='ocrx_word' id='word_1_70' title='bbox 1064 656 1118 697; x_wconf 72' lang='lat' dir='ltr'><strong>ea</strong></span> <span class='ocrx_word' id='word_1_71' title='bbox 1142 661 1354 710; x_wconf 84' lang='lat' dir='ltr'><strong>uteretur,</strong></span> <span class='ocrx_word' id='word_1_72' title='bbox 1384 657 1676 700; x_wconf 72' lang='lat' dir='ltr'><strong>verecundum</strong></span> 
     </span>
     <span class='ocr_line' id='line_1_10' title="bbox 197 711 1674 771; baseline -0.003 -11"><span class='ocrx_word' id='word_1_73' title='bbox 197 716 533 771; x_wconf 80' lang='lat' dir='ltr'><strong>modestumque</strong></span> <span class='ocrx_word' id='word_1_74' title='bbox 571 712 771 757; x_wconf 84' lang='lat' dir='ltr'><strong>reddere.</strong></span> <span class='ocrx_word' id='word_1_75' title='bbox 841 711 1017 771; x_wconf 72' lang='lat' dir='ltr'><strong>Quippe</strong></span> <span class='ocrx_word' id='word_1_76' title='bbox 1058 711 1159 755; x_wconf 82' lang='lat' dir='ltr'><strong>fidei</strong></span> <span class='ocrx_word' id='word_1_77' title='bbox 1193 714 1386 756; x_wconf 80' lang='lat' dir='ltr'><strong>fructum</strong></span> <span class='ocrx_word' id='word_1_78' title='bbox 1428 715 1554 771; x_wconf 84' lang='lat' dir='ltr'><strong>quasi</strong></span> <span class='ocrx_word' id='word_1_79' title='bbox 1652 729 1674 756; x_wconf 92' lang='lat' dir='ltr'><strong>r</strong></span> 
     </span>
     <span class='ocr_line' id='line_1_11' title="bbox 198 729 1676 829; baseline -0.002 -13"><span class='ocrx_word' id='word_1_80' title='bbox 198 781 482 817; x_wconf 77' lang='lat' dir='ltr'><strong>transennam</strong></span> <span class='ocrx_word' id='word_1_81' title='bbox 508 769 704 813; x_wconf 81' lang='lat' dir='ltr'><strong>ostendit</strong></span> <span class='ocrx_word' id='word_1_82' title='bbox 751 784 792 813; x_wconf 76' lang='lat' dir='ltr'><strong>v.</strong></span> <span class='ocrx_word' id='word_1_83' title='bbox 820 770 940 824; x_wconf 88' lang='lat'><strong>21.)‚</strong></span> <span class='ocrx_word' id='word_1_84' title='bbox 989 769 1295 812; x_wconf 87' lang='lat' dir='ltr'><strong>Abrahamum</strong></span> <span class='ocrx_word' id='word_1_85' title='bbox 1335 778 1517 829; x_wconf 85' lang='lat' dir='ltr'><strong>propter</strong></span> <span class='ocrx_word' id='word_1_86' title='bbox 1546 729 1676 814; x_wconf 33' lang='lat' dir='ltr'><strong>saitem</strong></span> 
     </span>
     <span class='ocr_line' id='line_1_12' title="bbox 199 826 1674 897; baseline -0.003 -23"><span class='ocrx_word' id='word_1_87' title='bbox 199 831 300 881; x_wconf 85' lang='lat' dir='ltr'><strong>Deo</strong></span> <span class='ocrx_word' id='word_1_88' title='bbox 333 829 566 897; x_wconf 83' lang='lat' dir='ltr'><strong>probatum</strong></span> <span class='ocrx_word' id='word_1_89' title='bbox 599 842 699 870; x_wconf 82' lang='lat' dir='ltr'><strong>esse</strong></span> <span class='ocrx_word' id='word_1_90' title='bbox 758 827 876 869; x_wconf 89' lang='lat' dir='ltr'><strong>ocuit</strong></span> <span class='ocrx_word' id='word_1_91' title='bbox 903 826 976 883; x_wconf 78' lang='lat'><strong>(4,</strong></span> <span class='ocrx_word' id='word_1_92' title='bbox 996 827 1062 882; x_wconf 92' lang='lat'><strong>3.)</strong></span> <span class='ocrx_word' id='word_1_93' title='bbox 1091 842 1229 883; x_wconf 86' lang='lat' dir='ltr'><strong>eoque</strong></span> <span class='ocrx_word' id='word_1_94' title='bbox 1257 828 1405 869; x_wconf 71' lang='lat' dir='ltr'><strong>valere</strong></span> <span class='ocrx_word' id='word_1_95' title='bbox 1426 829 1595 884; x_wconf 87' lang='lat' dir='ltr'><strong>potuit,</strong></span> <span class='ocrx_word' id='word_1_96' title='bbox 1626 832 1674 870; x_wconf 88' lang='lat' dir='ltr'><strong>ut</strong></span> 
     </span>
     <span class='ocr_line' id='line_1_13' title="bbox 200 884 1675 942; baseline -0.003 -11"><span class='ocrx_word' id='word_1_97' title='bbox 200 889 243 931; x_wconf 91' lang='lat' dir='ltr'><strong>ei</strong></span> <span class='ocrx_word' id='word_1_98' title='bbox 270 893 355 931; x_wconf 79' lang='lat' dir='ltr'><strong>toti</strong></span> <span class='ocrx_word' id='word_1_99' title='bbox 385 886 642 929; x_wconf 73' lang='lat' dir='ltr'><strong>satisfacere</strong></span> <span class='ocrx_word' id='word_1_100' title='bbox 668 888 880 941; x_wconf 85' lang='lat' dir='ltr'><strong>expertus</strong></span> <span class='ocrx_word' id='word_1_101' title='bbox 902 898 1031 940; x_wconf 84' lang='lat' dir='ltr'><strong>quam</strong></span> <span class='ocrx_word' id='word_1_102' title='bbox 1054 884 1196 942; x_wconf 85' lang='lat' dir='ltr'><strong>impar</strong></span> <span class='ocrx_word' id='word_1_103' title='bbox 1219 891 1336 925; x_wconf 78' lang='lat' dir='ltr'><strong>esset</strong></span> <span class='ocrx_word' id='word_1_104' title='bbox 1355 891 1478 926; x_wconf 85' lang='lat' dir='ltr'><strong>tanto</strong></span> <span class='ocrx_word' id='word_1_105' title='bbox 1497 885 1675 940; x_wconf 87' lang='lat' dir='ltr'><strong>negotio</strong></span> 
     </span>
     <span class='ocr_line' id='line_1_14' title="bbox 198 939 1676 1001; baseline -0.003 -13"><span class='ocrx_word' id='word_1_106' title='bbox 198 948 498 1001; x_wconf 78' lang='lat' dir='ltr'><strong>cognosceret.</strong></span> <span class='ocrx_word' id='word_1_107' title='bbox 555 942 712 985; x_wconf 66' lang='lat' dir='ltr'><strong>Nihilo</strong></span> <span class='ocrx_word' id='word_1_108' title='bbox 735 941 880 983; x_wconf 88' lang='lat' dir='ltr'><strong>secius</strong></span> <span class='ocrx_word' id='word_1_109' title='bbox 901 945 1064 982; x_wconf 83' lang='lat' dir='ltr'><strong>temere</strong></span> <span class='ocrx_word' id='word_1_110' title='bbox 1083 955 1178 982; x_wconf 91' lang='lat' dir='ltr'><strong>cum</strong></span> <span class='ocrx_word' id='word_1_111' title='bbox 1208 939 1260 984; x_wconf 93' lang='lat' dir='ltr'><strong>P.</strong></span> <span class='ocrx_word' id='word_1_112' title='bbox 1283 942 1566 998; x_wconf 77' lang='lat' dir='ltr'><strong>expostules,</strong></span> <span class='ocrx_word' id='word_1_113' title='bbox 1598 942 1676 998; x_wconf 88' lang='lat' dir='ltr'><strong>qui</strong></span> 
     </span>
     <span class='ocr_line' id='line_1_15' title="bbox 198 996 1676 1057; baseline -0.004 -11"><span class='ocrx_word' id='word_1_114' title='bbox 198 1004 341 1057; x_wconf 75' lang='lat' dir='ltr'><strong>legem</strong></span> <span class='ocrx_word' id='word_1_115' title='bbox 390 1016 498 1043; x_wconf 79' lang='lat' dir='ltr'><strong>mos.</strong></span> <span class='ocrx_word' id='word_1_116' title='bbox 548 999 768 1041; x_wconf 84' lang='lat' dir='ltr'><strong>hominum</strong></span> <span class='ocrx_word' id='word_1_117' title='bbox 821 997 1073 1055; x_wconf 84' lang='lat' dir='ltr'><strong>superbiam</strong></span> <span class='ocrx_word' id='word_1_118' title='bbox 1127 996 1381 1039; x_wconf 88' lang='lat' dir='ltr'><strong>contudisse</strong></span> <span class='ocrx_word' id='word_1_119' title='bbox 1432 998 1676 1053; x_wconf 76' lang='lat' dir='ltr'><strong>negaverit,</strong></span> 
     </span>
     <span class='ocr_line' id='line_1_16' title="bbox 201 1053 1675 1117; baseline -0.004 -15"><span class='ocrx_word' id='word_1_120' title='bbox 201 1074 337 1117; x_wconf 87' lang='lat' dir='ltr'><strong>quum</strong></span> <span class='ocrx_word' id='word_1_121' title='bbox 356 1057 456 1100; x_wconf 89' lang='lat' dir='ltr'><strong>inde</strong></span> <span class='ocrx_word' id='word_1_122' title='bbox 479 1059 647 1099; x_wconf 85' lang='lat' dir='ltr'><strong>seroces</strong></span> <span class='ocrx_word' id='word_1_123' title='bbox 668 1055 854 1112; x_wconf 83' lang='lat' dir='ltr'><strong>spiritus</strong></span> <span class='ocrx_word' id='word_1_124' title='bbox 874 1058 1041 1096; x_wconf 87' lang='lat' dir='ltr'><strong>sumtos</strong></span> <span class='ocrx_word' id='word_1_125' title='bbox 1062 1069 1185 1108; x_wconf 85' lang='lat' dir='ltr'><strong>csse,</strong></span> <span class='ocrx_word' id='word_1_126' title='bbox 1211 1053 1327 1096; x_wconf 90' lang='lat' dir='ltr'><strong>unde</strong></span> <span class='ocrx_word' id='word_1_127' title='bbox 1346 1053 1561 1097; x_wconf 80' lang='lat' dir='ltr'><strong>modestia</strong></span> <span class='ocrx_word' id='word_1_128' title='bbox 1583 1054 1675 1096; x_wconf 88' lang='lat' dir='ltr'><strong>dis-</strong></span> 
     </span>
     <span class='ocr_line' id='line_1_17' title="bbox 198 1110 1679 1174; baseline -0.003 -15"><span class='ocrx_word' id='word_1_129' title='bbox 198 1118 240 1159; x_wconf 87' lang='lat' dir='ltr'><strong>ci</strong></span> <span class='ocrx_word' id='word_1_130' title='bbox 266 1116 487 1174; x_wconf 84' lang='lat' dir='ltr'><strong>potuisset</strong></span> <span class='ocrx_word' id='word_1_131' title='bbox 517 1112 791 1170; x_wconf 69' lang='lat' dir='ltr'><strong>experientia</strong></span> <span class='ocrx_word' id='word_1_132' title='bbox 821 1110 1000 1153; x_wconf 85' lang='lat' dir='ltr'><strong>edoctus</strong></span> <span class='ocrx_word' id='word_1_133' title='bbox 1031 1111 1226 1155; x_wconf 77' lang='lat' dir='ltr'><strong>sciverit.</strong></span> <span class='ocrx_word' id='word_1_134' title='bbox 1286 1110 1346 1155; x_wconf 89' lang='lat' dir='ltr'><strong>V.</strong></span> <span class='ocrx_word' id='word_1_135' title='bbox 1368 1112 1441 1155; x_wconf 83' lang='lat'><strong>28.</strong></span> <span class='ocrx_word' id='word_1_136' title='bbox 1490 1111 1679 1156; x_wconf 84' lang='lat' dir='ltr'><strong>Confer-</strong></span> 
     </span>
     <span class='ocr_line' id='line_1_18' title="bbox 199 1167 1678 1246; baseline -0.003 -30"><span class='ocrx_word' id='word_1_137' title='bbox 199 1174 335 1217; x_wconf 89' lang='lat' dir='ltr'><strong>matio</strong></span> <span class='ocrx_word' id='word_1_138' title='bbox 358 1177 557 1246; x_wconf 38' lang='lat' dir='ltr'><strong>recepta,</strong></span> <span class='ocrx_word' id='word_1_139' title='bbox 589 1184 717 1226; x_wconf 87' lang='lat' dir='ltr'><strong>quam</strong></span> <span class='ocrx_word' id='word_1_140' title='bbox 738 1167 1016 1211; x_wconf 66' lang='lat' dir='ltr'><strong>Mattleaeins</strong></span> <span class='ocrx_word' id='word_1_141' title='bbox 1035 1168 1246 1223; x_wconf 81' lang='lat' dir='ltr'><strong>retinuit,</strong></span> <span class='ocrx_word' id='word_1_142' title='bbox 1274 1168 1334 1211; x_wconf 88' lang='lat' dir='ltr'><strong>ita</strong></span> <span class='ocrx_word' id='word_1_143' title='bbox 1356 1168 1510 1213; x_wconf 82' lang='lat' dir='ltr'><strong>hahet:</strong></span> <span class='ocrx_word' id='word_1_144' title='bbox 1548 1169 1678 1224; x_wconf 81' lang='grc' dir='ltr'><em>λογι-</em></span> 
     </span>
     <span class='ocr_line' id='line_1_19' title="bbox 201 1220 1675 1284; baseline -0.003 -11"><span class='ocrx_word' id='word_1_145' title='bbox 201 1228 374 1284; x_wconf 64' lang='grc' dir='ltr'><em>ζόμεθα</em></span> <span class='ocrx_word' id='word_1_146' title='bbox 406 1246 500 1272; x_wconf 83' lang='grc' dir='ltr'><strong>ουν</strong></span> <span class='ocrx_word' id='word_1_147' title='bbox 529 1226 725 1269; x_wconf 75' lang='grc' dir='ltr'><em>πίστει</em></span> <span class='ocrx_word' id='word_1_148' title='bbox 756 1225 1142 1267; x_wconf 68' lang='grc' dir='ltr'><em>δικαιοῦσθαι</em></span> <span class='ocrx_word' id='word_1_149' title='bbox 1172 1220 1479 1281; x_wconf 66' lang='grc' dir='ltr'><strong>ἄνθρωπον</strong></span> <span class='ocrx_word' id='word_1_150' title='bbox 1505 1223 1675 1278; x_wconf 74' lang='grc' dir='ltr'><strong>χ.ἔ.ν..</strong></span> 
     </span>
     <span class='ocr_line' id='line_1_20' title="bbox 197 1279 1677 1340; baseline -0.003 -10"><span class='ocrx_word' id='word_1_151' title='bbox 197 1286 367 1331; x_wconf 86' lang='lat' dir='ltr'><strong>Fundit</strong></span> <span class='ocrx_word' id='word_1_152' title='bbox 387 1301 435 1329; x_wconf 86' lang='lat' dir='ltr'><strong>ea</strong></span> <span class='ocrx_word' id='word_1_153' title='bbox 457 1286 616 1327; x_wconf 86' lang='lat' dir='ltr'><strong>honum</strong></span> <span class='ocrx_word' id='word_1_154' title='bbox 638 1296 812 1324; x_wconf 88' lang='lat' dir='ltr'><strong>sensum</strong></span> <span class='ocrx_word' id='word_1_155' title='bbox 826 1315 837 1334; x_wconf 92' lang='lat'><strong>,</strong></span> <span class='ocrx_word' id='word_1_156' title='bbox 868 1281 907 1323; x_wconf 89' lang='lat' dir='ltr'><strong>si</strong></span> <span class='ocrx_word' id='word_1_157' title='bbox 927 1279 1188 1336; x_wconf 63' lang='grc' dir='ltr'><em>λογίζεσθαι</em></span> <span class='ocrx_word' id='word_1_158' title='bbox 1209 1297 1379 1325; x_wconf 80' lang='lat' dir='ltr'><strong>censere</strong></span> <span class='ocrx_word' id='word_1_159' title='bbox 1406 1283 1677 1340; x_wconf 84' lang='lat' dir='ltr'><strong>explicueris</strong></span> 
     </span>
     <span class='ocr_line' id='line_1_21' title="bbox 197 1338 1677 1397; baseline -0.004 -9"><span class='ocrx_word' id='word_1_160' title='bbox 197 1349 243 1388; x_wconf 85' lang='lat' dir='ltr'><strong>et</strong></span> <span class='ocrx_word' id='word_1_161' title='bbox 271 1339 348 1386; x_wconf 79' lang='grc' dir='ltr'><strong>οὖν</strong></span> <span class='ocrx_word' id='word_1_162' title='bbox 377 1342 432 1385; x_wconf 88' lang='lat' dir='ltr'><strong>ad</strong></span> <span class='ocrx_word' id='word_1_163' title='bbox 461 1357 501 1385; x_wconf 81' lang='lat' dir='ltr'><strong>v.</strong></span> <span class='ocrx_word' id='word_1_164' title='bbox 522 1342 593 1383; x_wconf 84' lang='lat'><strong>27.</strong></span> <span class='ocrx_word' id='word_1_165' title='bbox 626 1339 879 1382; x_wconf 82' lang='lat' dir='ltr'><strong>rettuleris:</strong></span> <span class='ocrx_word' id='word_1_166' title='bbox 918 1340 1124 1394; x_wconf 83' lang='lat' dir='ltr'><strong>quoniam</strong></span> <span class='ocrx_word' id='word_1_167' title='bbox 1149 1338 1254 1393; x_wconf 76' lang='lat' dir='ltr'><strong>fidei</strong></span> <span class='ocrx_word' id='word_1_168' title='bbox 1275 1340 1490 1393; x_wconf 81' lang='lat' dir='ltr'><strong>magistra</strong></span> <span class='ocrx_word' id='word_1_169' title='bbox 1521 1339 1677 1397; x_wconf 85' lang='lat' dir='ltr'><strong>(disci-</strong></span> 
     </span>
     <span class='ocr_line' id='line_1_22' title="bbox 197 1394 1677 1460; baseline -0.003 -17"><span class='ocrx_word' id='word_1_170' title='bbox 197 1401 322 1460; x_wconf 82' lang='lat' dir='ltr'><strong>plina</strong></span> <span class='ocrx_word' id='word_1_171' title='bbox 343 1400 524 1451; x_wconf 76' lang='lat' dir='ltr'><strong>christ.)</strong></span> <span class='ocrx_word' id='word_1_172' title='bbox 541 1397 764 1439; x_wconf 85' lang='lat' dir='ltr'><strong>hominum</strong></span> <span class='ocrx_word' id='word_1_173' title='bbox 786 1394 840 1437; x_wconf 87' lang='lat' dir='ltr'><strong>de</strong></span> <span class='ocrx_word' id='word_1_174' title='bbox 862 1399 942 1437; x_wconf 72' lang='lat' dir='ltr'><strong>sua</strong></span> <span class='ocrx_word' id='word_1_175' title='bbox 958 1395 1121 1437; x_wconf 76' lang='lat' dir='ltr'><strong>virtute</strong></span> <span class='ocrx_word' id='word_1_176' title='bbox 1143 1395 1427 1451; x_wconf 80' lang='lat' dir='ltr'><strong>gloriantium</strong></span> <span class='ocrx_word' id='word_1_177' title='bbox 1451 1411 1578 1440; x_wconf 74' lang='lat' dir='ltr'><strong>voces</strong></span> <span class='ocrx_word' id='word_1_178' title='bbox 1592 1402 1677 1439; x_wconf 79' lang='lat' dir='ltr'><strong>‘ex-</strong></span> 
     </span>
     <span class='ocr_line' id='line_1_23' title="bbox 199 1451 1678 1513; baseline -0.003 -12"><span class='ocrx_word' id='word_1_179' title='bbox 199 1457 360 1501; x_wconf 78' lang='lat' dir='ltr'><strong>stinxit</strong></span> <span class='ocrx_word' id='word_1_180' title='bbox 389 1458 450 1513; x_wconf 76' lang='lat' dir='ltr'><strong>(v.</strong></span> <span class='ocrx_word' id='word_1_181' title='bbox 479 1456 598 1509; x_wconf 84' lang='lat'><strong>27.),</strong></span> <span class='ocrx_word' id='word_1_182' title='bbox 631 1454 674 1495; x_wconf 91' lang='lat' dir='ltr'><strong>in</strong></span> <span class='ocrx_word' id='word_1_183' title='bbox 705 1454 755 1496; x_wconf 58' lang='lat' dir='ltr'><strong>ez}</strong></span> <span class='ocrx_word' id='word_1_184' title='bbox 783 1468 878 1494; x_wconf 90' lang='lat' dir='ltr'><strong>sum</strong></span> <span class='ocrx_word' id='word_1_185' title='bbox 911 1453 1154 1505; x_wconf 68' lang='lat' dir='ltr'><strong>sententia,</strong></span> <span class='ocrx_word' id='word_1_186' title='bbox 1184 1459 1233 1495; x_wconf 90' lang='lat' dir='ltr'><strong>ut</strong></span> <span class='ocrx_word' id='word_1_187' title='bbox 1249 1451 1335 1507; x_wconf 81' lang='lat' dir='ltr'><strong>fide</strong></span> <span class='ocrx_word' id='word_1_188' title='bbox 1356 1454 1555 1496; x_wconf 89' lang='lat' dir='ltr'><strong>homines</strong></span> <span class='ocrx_word' id='word_1_189' title='bbox 1576 1453 1678 1496; x_wconf 81' lang='lat' dir='ltr'><strong>Deo</strong></span> 
     </span>
     <span class='ocr_line' id='line_1_24' title="bbox 199 1510 1677 1574; baseline -0.003 -17"><span class='ocrx_word' id='word_1_190' title='bbox 199 1515 380 1574; x_wconf 86' lang='lat' dir='ltr'><strong>probari</strong></span> <span class='ocrx_word' id='word_1_191' title='bbox 402 1513 600 1569; x_wconf 83' lang='lat' dir='ltr'><strong>nihilque</strong></span> <span class='ocrx_word' id='word_1_192' title='bbox 625 1511 738 1552; x_wconf 84' lang='lat' dir='ltr'><strong>facta</strong></span> <span class='ocrx_word' id='word_1_193' title='bbox 759 1511 846 1565; x_wconf 82' lang='lat' dir='ltr'><strong>leg.</strong></span> <span class='ocrx_word' id='word_1_194' title='bbox 872 1524 981 1552; x_wconf 86' lang='lat' dir='ltr'><strong>mOS.</strong></span> <span class='ocrx_word' id='word_1_195' title='bbox 1005 1514 1293 1551; x_wconf 80' lang='lat' dir='ltr'><strong>consentanea</strong></span> <span class='ocrx_word' id='word_1_196' title='bbox 1320 1510 1374 1552; x_wconf 89' lang='lat' dir='ltr'><strong>ad</strong></span> <span class='ocrx_word' id='word_1_197' title='bbox 1402 1510 1448 1552; x_wconf 91' lang='lat' dir='ltr'><strong>id</strong></span> <span class='ocrx_word' id='word_1_198' title='bbox 1477 1511 1677 1552; x_wconf 79' lang='lat' dir='ltr'><strong>conferre</strong></span> 
     </span>
     <span class='ocr_line' id='line_1_25' title="bbox 198 1561 1675 1619; baseline -0.005 -4"><span class='ocrx_word' id='word_1_199' title='bbox 198 1573 464 1616; x_wconf 88' lang='lat' dir='ltr'><strong>existimem.</strong></span> <span class='ocrx_word' id='word_1_200' title='bbox 522 1570 643 1612; x_wconf 82' lang='lat' dir='ltr'><strong>Bene</strong></span> <span class='ocrx_word' id='word_1_201' title='bbox 670 1568 799 1609; x_wconf 89' lang='lat' dir='ltr'><strong>etiam</strong></span> <span class='ocrx_word' id='word_1_202' title='bbox 827 1565 1045 1608; x_wconf 89' lang='lat' dir='ltr'><strong>sententia</strong></span> <span class='ocrx_word' id='word_1_203' title='bbox 1072 1565 1278 1619; x_wconf 83' lang='lat' dir='ltr'><strong>haberet,</strong></span> <span class='ocrx_word' id='word_1_204' title='bbox 1308 1567 1347 1609; x_wconf 90' lang='lat' dir='ltr'><strong>si</strong></span> <span class='ocrx_word' id='word_1_205' title='bbox 1370 1561 1445 1609; x_wconf 73' lang='grc' dir='ltr'><strong>οὖν</strong></span> <span class='ocrx_word' id='word_1_206' title='bbox 1464 1567 1520 1608; x_wconf 88' lang='lat' dir='ltr'><strong>ad</strong></span> <span class='ocrx_word' id='word_1_207' title='bbox 1539 1582 1580 1611; x_wconf 77' lang='lat' dir='ltr'><strong>v.</strong></span> <span class='ocrx_word' id='word_1_208' title='bbox 1601 1568 1675 1612; x_wconf 79' lang='lat'><strong>27.</strong></span> 
     </span>
     <span class='ocr_line' id='line_1_26' title="bbox 200 1623 1675 1681; baseline -0.003 -9"><span class='ocrx_word' id='word_1_209' title='bbox 200 1633 403 1672; x_wconf 74' lang='lat' dir='ltr'><strong>revocato</strong></span> <span class='ocrx_word' id='word_1_210' title='bbox 426 1624 687 1681; x_wconf 70' lang='grc' dir='ltr'><em>λογίζεσθαι</em></span> <span class='ocrx_word' id='word_1_211' title='bbox 706 1623 901 1678; x_wconf 71' lang='lat' dir='ltr'><strong>colliqere</strong></span> <span class='ocrx_word' id='word_1_212' title='bbox 927 1636 1182 1665; x_wconf 81' lang='lat' dir='ltr'><strong>enarrares:</strong></span> <span class='ocrx_word' id='word_1_213' title='bbox 1223 1623 1373 1679; x_wconf 72' lang='lat' dir='ltr'><strong>colliyo</strong></span> <span class='ocrx_word' id='word_1_214' title='bbox 1404 1624 1579 1680; x_wconf 79' lang='lat' dir='ltr'><strong>iyitur</strong></span> <span class='ocrx_word' id='word_1_215' title='bbox 1608 1625 1675 1679; x_wconf 90' lang='lat' dir='ltr'><strong>(h.</strong></span> 
     </span>
     <span class='ocr_line' id='line_1_27' title="bbox 197 1679 1677 1742; baseline -0.003 -15"><span class='ocrx_word' id='word_1_216' title='bbox 197 1702 240 1731; x_wconf 88' lang='lat' dir='ltr'><strong>e.</strong></span> <span class='ocrx_word' id='word_1_217' title='bbox 270 1686 373 1742; x_wconf 86' lang='lat' dir='ltr'><strong>quia</strong></span> <span class='ocrx_word' id='word_1_218' title='bbox 401 1685 472 1726; x_wconf 80' lang='lat' dir='ltr'><strong>lex</strong></span> <span class='ocrx_word' id='word_1_219' title='bbox 501 1682 629 1736; x_wconf 82' lang='lat' dir='ltr'><strong>fidem</strong></span> <span class='ocrx_word' id='word_1_220' title='bbox 656 1680 887 1737; x_wconf 85' lang='lat' dir='ltr'><strong>postulans</strong></span> <span class='ocrx_word' id='word_1_221' title='bbox 908 1679 1131 1720; x_wconf 88' lang='lat' dir='ltr'><strong>hominum</strong></span> <span class='ocrx_word' id='word_1_222' title='bbox 1161 1679 1469 1734; x_wconf 81' lang='lat' dir='ltr'><strong>gloriationem</strong></span> <span class='ocrx_word' id='word_1_223' title='bbox 1491 1681 1677 1723; x_wconf 85' lang='lat' dir='ltr'><strong>sustulit</strong></span> 
     </span>
     <span class='ocr_line' id='line_1_28' title="bbox 198 1736 1678 1795; baseline -0.005 -8"><span class='ocrx_word' id='word_1_224' title='bbox 198 1758 240 1787; x_wconf 85' lang='lat' dir='ltr'><strong>v.</strong></span> <span class='ocrx_word' id='word_1_225' title='bbox 271 1743 366 1795; x_wconf 84' lang='grc'><strong>27.)</strong></span> <span class='ocrx_word' id='word_1_226' title='bbox 388 1741 474 1795; x_wconf 79' lang='lat' dir='ltr'><strong>fide</strong></span> <span class='ocrx_word' id='word_1_227' title='bbox 501 1738 700 1780; x_wconf 84' lang='lat' dir='ltr'><strong>homines</strong></span> <span class='ocrx_word' id='word_1_228' title='bbox 731 1736 817 1779; x_wconf 83' lang='lat' dir='ltr'><strong>Dei</strong></span> <span class='ocrx_word' id='word_1_229' title='bbox 850 1737 1042 1778; x_wconf 63' lang='lat' dir='ltr'><strong>savorem</strong></span> <span class='ocrx_word' id='word_1_230' title='bbox 1075 1736 1274 1779; x_wconf 84' lang='lat' dir='ltr'><strong>obtinere</strong></span> <span class='ocrx_word' id='word_1_231' title='bbox 1304 1743 1405 1781; x_wconf 85' lang='lat' dir='ltr'><strong>etc..</strong></span> <span class='ocrx_word' id='word_1_232' title='bbox 1474 1737 1564 1781; x_wconf 89' lang='lat' dir='ltr'><strong>Sed</strong></span> <span class='ocrx_word' id='word_1_233' title='bbox 1590 1753 1678 1780; x_wconf 90' lang='lat' dir='ltr'><strong>non</strong></span> 
     </span>
     <span class='ocr_line' id='line_1_29' title="bbox 199 1793 1679 1852; baseline -0.004 -10"><span class='ocrx_word' id='word_1_234' title='bbox 199 1800 315 1849; x_wconf 82' lang='lat' dir='ltr'><strong>alias</strong></span> <span class='ocrx_word' id='word_1_235' title='bbox 343 1796 605 1851; x_wconf 68' lang='grc' dir='ltr'><em>λογίζεσθαι</em></span> <span class='ocrx_word' id='word_1_236' title='bbox 633 1795 676 1835; x_wconf 90' lang='grc'><strong>111</strong></span> <span class='ocrx_word' id='word_1_237' title='bbox 701 1793 760 1837; x_wconf 87' lang='grc' dir='ltr'><strong>Ν.</strong></span> <span class='ocrx_word' id='word_1_238' title='bbox 781 1793 839 1837; x_wconf 91' lang='grc' dir='ltr'><strong>Τ.</strong></span> <span class='ocrx_word' id='word_1_239' title='bbox 870 1794 933 1835; x_wconf 89' lang='lat' dir='ltr'><strong>sic</strong></span> <span class='ocrx_word' id='word_1_240' title='bbox 963 1799 1231 1850; x_wconf 88' lang='lat' dir='ltr'><strong>usurpatur,</strong></span> <span class='ocrx_word' id='word_1_241' title='bbox 1261 1800 1309 1836; x_wconf 85' lang='lat' dir='ltr'><strong>ut</strong></span> <span class='ocrx_word' id='word_1_242' title='bbox 1335 1794 1448 1836; x_wconf 82' lang='lat' dir='ltr'><strong>idem</strong></span> <span class='ocrx_word' id='word_1_243' title='bbox 1480 1795 1539 1837; x_wconf 84' lang='lat' dir='ltr'><strong>sit</strong></span> <span class='ocrx_word' id='word_1_244' title='bbox 1560 1794 1679 1852; x_wconf 88' lang='lat' dir='ltr'><strong>quod</strong></span> 
     </span>
     <span class='ocr_line' id='line_1_30' title="bbox 200 1846 1675 1911; baseline -0.003 -12"><span class='ocrx_word' id='word_1_245' title='bbox 200 1853 560 1911; x_wconf 61' lang='grc' dir='ltr'><em>συλλογίζεσθαι.</em></span> <span class='ocrx_word' id='word_1_246' title='bbox 629 1850 752 1892; x_wconf 83' lang='lat' dir='ltr'><strong>Illud</strong></span> <span class='ocrx_word' id='word_1_247' title='bbox 780 1851 876 1892; x_wconf 79' lang='lat' dir='ltr'><strong>fieri</strong></span> <span class='ocrx_word' id='word_1_248' title='bbox 907 1851 1084 1907; x_wconf 88' lang='lat' dir='ltr'><strong>nequit,</strong></span> <span class='ocrx_word' id='word_1_249' title='bbox 1124 1855 1173 1892; x_wconf 88' lang='lat' dir='ltr'><strong>ut</strong></span> <span class='ocrx_word' id='word_1_250' title='bbox 1198 1865 1301 1893; x_wconf 73' lang='lat' dir='ltr'><strong>voce</strong></span> <span class='ocrx_word' id='word_1_251' title='bbox 1329 1846 1405 1893; x_wconf 65' lang='grc' dir='ltr'><strong>οὖν</strong></span> <span class='ocrx_word' id='word_1_252' title='bbox 1424 1851 1478 1893; x_wconf 85' lang='lat' dir='ltr'><strong>ad</strong></span> <span class='ocrx_word' id='word_1_253' title='bbox 1495 1867 1675 1909; x_wconf 87' lang='lat' dir='ltr'><strong>praece-</strong></span> 
     </span>
     <span class='ocr_line' id='line_1_31' title="bbox 200 1907 1677 1965; baseline -0.003 -9"><span class='ocrx_word' id='word_1_254' title='bbox 200 1914 372 1956; x_wconf 89' lang='lat' dir='ltr'><strong>dentem</strong></span> <span class='ocrx_word' id='word_1_255' title='bbox 403 1927 442 1954; x_wconf 67' lang='grc' dir='ltr'><strong>ν.</strong></span> <span class='ocrx_word' id='word_1_256' title='bbox 464 1911 536 1952; x_wconf 91' lang='grc'><strong>21.</strong></span> <span class='ocrx_word' id='word_1_257' title='bbox 567 1923 635 1964; x_wconf 91' lang='lat' dir='ltr'><strong>sq.</strong></span> <span class='ocrx_word' id='word_1_258' title='bbox 667 1907 1011 1965; x_wconf 80' lang='lat' dir='ltr'><strong>disputationem</strong></span> <span class='ocrx_word' id='word_1_259' title='bbox 1040 1907 1180 1949; x_wconf 74' lang='lat' dir='ltr'><strong>relata</strong></span> <span class='ocrx_word' id='word_1_260' title='bbox 1211 1907 1472 1961; x_wconf 70' lang='grc' dir='ltr'><em>λογίζεσθαι</em></span> <span class='ocrx_word' id='word_1_261' title='bbox 1502 1909 1677 1951; x_wconf 85' lang='lat' dir='ltr'><strong>conclu-</strong></span> 
     </span>
     <span class='ocr_line' id='line_1_32' title="bbox 199 1963 1677 2022; baseline -0.004 -8"><span class='ocrx_word' id='word_1_262' title='bbox 199 1971 304 2014; x_wconf 85' lang='lat' dir='ltr'><strong>dere</strong></span> <span class='ocrx_word' id='word_1_263' title='bbox 342 1983 438 2011; x_wconf 88' lang='lat' dir='ltr'><strong>cum</strong></span> <span class='ocrx_word' id='word_1_264' title='bbox 471 1964 725 2022; x_wconf 80' lang='lat' dir='ltr'><strong>Theophyl.</strong></span> <span class='ocrx_word' id='word_1_265' title='bbox 764 1964 977 2022; x_wconf 78' lang='lat' dir='ltr'><strong>expliceS.</strong></span> <span class='ocrx_word' id='word_1_266' title='bbox 1044 1963 1159 2006; x_wconf 85' lang='lat' dir='ltr'><strong>Nam</strong></span> <span class='ocrx_word' id='word_1_267' title='bbox 1202 1964 1402 2006; x_wconf 80' lang='lat' dir='ltr'><strong>homines</strong></span> <span class='ocrx_word' id='word_1_268' title='bbox 1431 1980 1511 2022; x_wconf 87' lang='lat' dir='ltr'><strong>per</strong></span> <span class='ocrx_word' id='word_1_269' title='bbox 1546 1965 1677 2008; x_wconf 84' lang='lat' dir='ltr'><strong>fidem</strong></span> 
     </span>
     <span class='ocr_line' id='line_1_33' title="bbox 201 2020 1677 2079; baseline -0.004 -8"><span class='ocrx_word' id='word_1_270' title='bbox 201 2028 289 2071; x_wconf 86' lang='lat' dir='ltr'><strong>Dei</strong></span> <span class='ocrx_word' id='word_1_271' title='bbox 315 2027 506 2068; x_wconf 73' lang='lat' dir='ltr'><strong>savorem</strong></span> <span class='ocrx_word' id='word_1_272' title='bbox 538 2022 746 2079; x_wconf 83' lang='lat' dir='ltr'><strong>consequi</strong></span> <span class='ocrx_word' id='word_1_273' title='bbox 770 2020 819 2064; x_wconf 89' lang='lat' dir='ltr'><strong>P.</strong></span> <span class='ocrx_word' id='word_1_274' title='bbox 841 2036 880 2065; x_wconf 78' lang='lat' dir='ltr'><strong>v.</strong></span> <span class='ocrx_word' id='word_1_275' title='bbox 902 2022 973 2064; x_wconf 82' lang='lat'><strong>21.</strong></span> <span class='ocrx_word' id='word_1_276' title='bbox 996 2036 1063 2077; x_wconf 79' lang='lat' dir='ltr'><strong>sq.</strong></span> <span class='ocrx_word' id='word_1_277' title='bbox 1093 2022 1339 2063; x_wconf 78' lang='lat' dir='ltr'><strong>affirmarat</strong></span> <span class='ocrx_word' id='word_1_278' title='bbox 1368 2022 1515 2079; x_wconf 85' lang='lat' dir='ltr'><strong>potius</strong></span> <span class='ocrx_word' id='word_1_279' title='bbox 1546 2038 1677 2079; x_wconf 84' lang='lat' dir='ltr'><strong>quam</strong></span> 
     </span>
     <span class='ocr_line' id='line_1_34' title="bbox 201 2076 1678 2139; baseline -0.004 -12"><span class='ocrx_word' id='word_1_280' title='bbox 201 2083 471 2139; x_wconf 80' lang='lat' dir='ltr'><strong>argumentis</strong></span> <span class='ocrx_word' id='word_1_281' title='bbox 499 2079 895 2123; x_wconf 69' lang='lat' dir='ltr'><strong>demonstrzwerat.</strong></span> <span class='ocrx_word' id='word_1_282' title='bbox 978 2077 1080 2120; x_wconf 88' lang='lat' dir='ltr'><strong>Non</strong></span> <span class='ocrx_word' id='word_1_283' title='bbox 1118 2078 1255 2132; x_wconf 78' lang='lat' dir='ltr'><strong>igitur</strong></span> <span class='ocrx_word' id='word_1_284' title='bbox 1285 2076 1436 2120; x_wconf 80' lang='grc' dir='ltr'><em>πίστει</em></span> <span class='ocrx_word' id='word_1_285' title='bbox 1472 2080 1678 2122; x_wconf 73' lang='grc' dir='ltr'><em>δικαιοῦ-</em></span> 
     </span>
     <span class='ocr_line' id='line_1_35' title="bbox 202 2134 1677 2197; baseline -0.003 -13"><span class='ocrx_word' id='word_1_286' title='bbox 202 2146 314 2184; x_wconf 65' lang='grc' dir='ltr'><em>σθαι</em></span> <span class='ocrx_word' id='word_1_287' title='bbox 335 2135 579 2197; x_wconf 65' lang='grc' dir='ltr'><strong>ἄνθρωπον</strong></span> <span class='ocrx_word' id='word_1_288' title='bbox 600 2152 652 2179; x_wconf 85' lang='lat' dir='ltr'><strong>ex</strong></span> <span class='ocrx_word' id='word_1_289' title='bbox 675 2142 776 2178; x_wconf 87' lang='lat' dir='ltr'><strong>ante</strong></span> <span class='ocrx_word' id='word_1_290' title='bbox 799 2135 928 2178; x_wconf 88' lang='lat' dir='ltr'><strong>dictis</strong></span> <span class='ocrx_word' id='word_1_291' title='bbox 949 2134 990 2178; x_wconf 84' lang='lat' dir='ltr'><strong>h.</strong></span> <span class='ocrx_word' id='word_1_292' title='bbox 1011 2136 1042 2178; x_wconf 92' lang='grc'><strong>1.</strong></span> <span class='ocrx_word' id='word_1_293' title='bbox 1067 2135 1277 2191; x_wconf 81' lang='lat' dir='ltr'><strong>colligere</strong></span> <span class='ocrx_word' id='word_1_294' title='bbox 1300 2140 1488 2193; x_wconf 88' lang='lat' dir='ltr'><strong>poterat.</strong></span> <span class='ocrx_word' id='word_1_295' title='bbox 1540 2135 1677 2179; x_wconf 87' lang='lat' dir='ltr'><strong>Prae-</strong></span> 
     </span>
     <span class='ocr_line' id='line_1_36' title="bbox 201 2191 1677 2250; baseline -0.004 -10"><span class='ocrx_word' id='word_1_296' title='bbox 201 2204 321 2242; x_wconf 86' lang='lat' dir='ltr'><strong>terea</strong></span> <span class='ocrx_word' id='word_1_297' title='bbox 351 2198 436 2239; x_wconf 81' lang='lat' dir='ltr'><strong>ista</strong></span> <span class='ocrx_word' id='word_1_298' title='bbox 467 2194 789 2250; x_wconf 79' lang='lat' dir='ltr'><strong>argumentatio</strong></span> <span class='ocrx_word' id='word_1_299' title='bbox 828 2208 868 2236; x_wconf 77' lang='lat' dir='ltr'><strong>v.</strong></span> <span class='ocrx_word' id='word_1_300' title='bbox 894 2193 967 2236; x_wconf 84' lang='lat'><strong>27.</strong></span> <span class='ocrx_word' id='word_1_301' title='bbox 1012 2198 1113 2250; x_wconf 87' lang='lat' dir='ltr'><strong>post</strong></span> <span class='ocrx_word' id='word_1_302' title='bbox 1140 2207 1179 2236; x_wconf 78' lang='lat' dir='ltr'><strong>v,</strong></span> <span class='ocrx_word' id='word_1_303' title='bbox 1207 2218 1261 2224; x_wconf 88' lang='lat'><strong>-—</strong></span> <span class='ocrx_word' id='word_1_304' title='bbox 1290 2191 1367 2233; x_wconf 72' lang='grc' dir='ltr'><strong>τὸν</strong></span> <span class='ocrx_word' id='word_1_305' title='bbox 1406 2191 1453 2235; x_wconf 80' lang='grc' dir='ltr'><strong>ἐκ</strong></span> <span class='ocrx_word' id='word_1_306' title='bbox 1481 2192 1677 2244; x_wconf 81' lang='grc' dir='ltr'><em>πίστεως</em></span> 
     </span>
     <span class='ocr_line' id='line_1_37' title="bbox 203 2248 1678 2307; baseline -0.004 -9"><span class='ocrx_word' id='word_1_307' title='bbox 203 2254 457 2298; x_wconf 85' lang='lat' dir='ltr'><strong>collocanda</strong></span> <span class='ocrx_word' id='word_1_308' title='bbox 489 2253 670 2304; x_wconf 79' lang='lat' dir='ltr'><strong>suisset,</strong></span> <span class='ocrx_word' id='word_1_309' title='bbox 710 2266 794 2292; x_wconf 87' lang='grc'><strong>11011</strong></span> <span class='ocrx_word' id='word_1_310' title='bbox 826 2250 868 2292; x_wconf 91' lang='grc'><strong>11.</strong></span> <span class='ocrx_word' id='word_1_311' title='bbox 901 2250 934 2293; x_wconf 90' lang='grc'><strong>1.</strong></span> <span class='ocrx_word' id='word_1_312' title='bbox 963 2248 1187 2307; x_wconf 79' lang='lat' dir='ltr'><strong>ponenda,</strong></span> <span class='ocrx_word' id='word_1_313' title='bbox 1226 2249 1301 2292; x_wconf 90' lang='lat' dir='ltr'><strong>ubi</strong></span> <span class='ocrx_word' id='word_1_314' title='bbox 1331 2249 1491 2304; x_wconf 77' lang='lat' dir='ltr'><strong>gaudio</strong></span> <span class='ocrx_word' id='word_1_315' title='bbox 1523 2252 1678 2293; x_wconf 81' lang='lat' dir='ltr'><strong>exsul-</strong></span> 
     </span>
     <span class='ocr_line' id='line_1_38' title="bbox 202 2306 1676 2369; baseline -0.003 -14"><span class='ocrx_word' id='word_1_316' title='bbox 202 2318 367 2355; x_wconf 79' lang='lat' dir='ltr'><strong>tantem</strong></span> <span class='ocrx_word' id='word_1_317' title='bbox 396 2313 489 2369; x_wconf 83' lang='lat' dir='ltr'><strong>Ap.</strong></span> <span class='ocrx_word' id='word_1_318' title='bbox 521 2309 763 2352; x_wconf 79' lang='lat' dir='ltr'><strong>orationem</strong></span> <span class='ocrx_word' id='word_1_319' title='bbox 796 2322 833 2350; x_wconf 90' lang='lat' dir='ltr'><strong>v.</strong></span> <span class='ocrx_word' id='word_1_320' title='bbox 857 2307 929 2351; x_wconf 76' lang='lat'><strong>27.</strong></span> <span class='ocrx_word' id='word_1_321' title='bbox 958 2308 1071 2349; x_wconf 82' lang='lat' dir='ltr'><strong>male</strong></span> <span class='ocrx_word' id='word_1_322' title='bbox 1104 2322 1208 2349; x_wconf 88' lang='lat' dir='ltr'><strong>sane</strong></span> <span class='ocrx_word' id='word_1_323' title='bbox 1238 2307 1478 2364; x_wconf 81' lang='lat' dir='ltr'><strong>exciperet.</strong></span> <span class='ocrx_word' id='word_1_324' title='bbox 1540 2306 1676 2365; x_wconf 85' lang='lat' dir='ltr'><strong>Pejus</strong></span> 
     </span>
     <span class='ocr_line' id='line_1_39' title="bbox 202 2363 1677 2422; baseline -0.002 -11"><span class='ocrx_word' id='word_1_325' title='bbox 202 2371 335 2412; x_wconf 86' lang='lat' dir='ltr'><strong>etiam</strong></span> <span class='ocrx_word' id='word_1_326' title='bbox 371 2369 527 2411; x_wconf 66' lang='lat' dir='ltr'><strong>Ilvam.</strong></span> <span class='ocrx_word' id='word_1_327' title='bbox 568 2365 616 2410; x_wconf 86' lang='lat' dir='ltr'><strong>P.</strong></span> <span class='ocrx_word' id='word_1_328' title='bbox 657 2381 680 2408; x_wconf 88' lang='lat' dir='ltr'><strong>e</strong></span> <span class='ocrx_word' id='word_1_329' title='bbox 721 2380 817 2422; x_wconf 85' lang='lat' dir='ltr'><strong>cap.</strong></span> <span class='ocrx_word' id='word_1_330' title='bbox 848 2363 914 2407; x_wconf 79' lang='grc'><strong>,11.</strong></span> <span class='ocrx_word' id='word_1_331' title='bbox 948 2363 989 2408; x_wconf 91' lang='grc'><strong>11.</strong></span> <span class='ocrx_word' id='word_1_332' title='bbox 1020 2365 1053 2408; x_wconf 89' lang='lat' dir='ltr'><strong>l.</strong></span> <span class='ocrx_word' id='word_1_333' title='bbox 1094 2365 1397 2417; x_wconf 78' lang='lat' dir='ltr'><strong>argumentari</strong></span> <span class='ocrx_word' id='word_1_334' title='bbox 1436 2365 1677 2409; x_wconf 79' lang='lat' dir='ltr'><strong>contendit.</strong></span> 
     </span>
     <span class='ocr_line' id='line_1_40' title="bbox 205 2420 1676 2468; baseline -0.003 0"><span class='ocrx_word' id='word_1_335' title='bbox 205 2428 373 2468; x_wconf 83' lang='lat' dir='ltr'><strong>Verum</strong></span> <span class='ocrx_word' id='word_1_336' title='bbox 403 2425 515 2467; x_wconf 84' lang='lat' dir='ltr'><strong>euim</strong></span> <span class='ocrx_word' id='word_1_337' title='bbox 550 2438 652 2466; x_wconf 70' lang='lat' dir='ltr'><strong>vero</strong></span> <span class='ocrx_word' id='word_1_338' title='bbox 684 2421 1069 2463; x_wconf 72' lang='lat' dir='ltr'><strong>conformationem</strong></span> <span class='ocrx_word' id='word_1_339' title='bbox 1100 2420 1249 2464; x_wconf 74' lang='lat' dir='ltr'><strong>Elsev.</strong></span> <span class='ocrx_word' id='word_1_340' title='bbox 1293 2421 1470 2463; x_wconf 79' lang='lat' dir='ltr'><strong>missam</strong></span> <span class='ocrx_word' id='word_1_341' title='bbox 1512 2422 1676 2464; x_wconf 75' lang='lat' dir='ltr'><strong>facien-</strong></span> 
     </span>
     <span class='ocr_line' id='line_1_41' title="bbox 204 2472 1673 2534; baseline -0.003 -10"><span class='ocrx_word' id='word_1_342' title='bbox 204 2483 302 2525; x_wconf 90' lang='lat' dir='ltr'><strong>dam</strong></span> <span class='ocrx_word' id='word_1_343' title='bbox 333 2498 430 2526; x_wconf 88' lang='lat' dir='ltr'><strong>esse</strong></span> <span class='ocrx_word' id='word_1_344' title='bbox 455 2482 678 2524; x_wconf 75' lang='lat' dir='ltr'><strong>variantes</strong></span> <span class='ocrx_word' id='word_1_345' title='bbox 707 2479 919 2522; x_wconf 86' lang='lat' dir='ltr'><strong>lectiones</strong></span> <span class='ocrx_word' id='word_1_346' title='bbox 952 2477 1132 2521; x_wconf 87' lang='lat' dir='ltr'><strong>docent:</strong></span> <span class='ocrx_word' id='word_1_347' title='bbox 1174 2472 1267 2531; x_wconf 68' lang='grc' dir='ltr'><strong>οὖν]</strong></span> <span class='ocrx_word' id='word_1_348' title='bbox 1298 2478 1381 2534; x_wconf 69' lang='grc' dir='ltr'><strong>γάρ</strong></span> <span class='ocrx_word' id='word_1_349' title='bbox 1406 2479 1469 2521; x_wconf 81' lang='grc' dir='ltr'><strong>Α.</strong></span> <span class='ocrx_word' id='word_1_350' title='bbox 1493 2477 1553 2522; x_wconf 91' lang='lat' dir='ltr'><strong>D.</strong></span> <span class='ocrx_word' id='word_1_351' title='bbox 1582 2493 1607 2520; x_wconf 79' lang='lat' dir='ltr'><strong>a</strong></span> <span class='ocrx_word' id='word_1_352' title='bbox 1631 2493 1673 2534; x_wconf 86' lang='lat' dir='ltr'><strong>p.</strong></span> 
     </span>
     <span class='ocr_line' id='line_1_42' title="bbox 205 2533 1672 2602; baseline -0.004 -19"><span class='ocrx_word' id='word_1_353' title='bbox 205 2555 262 2584; x_wconf 90' lang='lat' dir='ltr'><strong>m.</strong></span> <span class='ocrx_word' id='word_1_354' title='bbox 284 2540 333 2582; x_wconf 78' lang='lat' dir='ltr'><strong>F.</strong></span> <span class='ocrx_word' id='word_1_355' title='bbox 357 2542 413 2583; x_wconf 73' lang='lat' dir='ltr'><strong>G.</strong></span> <span class='ocrx_word' id='word_1_356' title='bbox 435 2538 506 2582; x_wconf 75' lang='lat'><strong>39.</strong></span> <span class='ocrx_word' id='word_1_357' title='bbox 527 2540 598 2581; x_wconf 68' lang='lat'><strong>47.</strong></span> <span class='ocrx_word' id='word_1_358' title='bbox 618 2538 689 2581; x_wconf 85' lang='lat'><strong>80.</strong></span> <span class='ocrx_word' id='word_1_359' title='bbox 712 2535 794 2580; x_wconf 85' lang='lat' dir='ltr'><strong>Mt.</strong></span> <span class='ocrx_word' id='word_1_360' title='bbox 819 2536 850 2579; x_wconf 92' lang='grc'><strong>1.</strong></span> <span class='ocrx_word' id='word_1_361' title='bbox 909 2534 1036 2602; x_wconf 81' lang='lat' dir='ltr'><strong>Copt.</strong></span> <span class='ocrx_word' id='word_1_362' title='bbox 1058 2535 1110 2579; x_wconf 88' lang='lat' dir='ltr'><strong>E.</strong></span> <span class='ocrx_word' id='word_1_363' title='bbox 1138 2549 1209 2594; x_wconf 88' lang='lat' dir='ltr'><strong>ap.</strong></span> <span class='ocrx_word' id='word_1_364' title='bbox 1233 2535 1349 2579; x_wconf 87' lang='lat' dir='ltr'><strong>Mill.</strong></span> <span class='ocrx_word' id='word_1_365' title='bbox 1414 2534 1548 2591; x_wconf 83' lang='lat' dir='ltr'><strong>Vulg.</strong></span> <span class='ocrx_word' id='word_1_366' title='bbox 1568 2533 1672 2577; x_wconf 74' lang='lat' dir='ltr'><strong>Rus.</strong></span> 
     </span>
     <span class='ocr_line' id='line_1_43' title="bbox 203 2587 1672 2648; baseline -0.005 -8"><span class='ocrx_word' id='word_1_367' title='bbox 203 2596 590 2640; x_wconf 74' lang='lat' dir='ltr'><strong>Ambrosiast‘al..</strong></span> <span class='ocrx_word' id='word_1_368' title='bbox 652 2591 800 2635; x_wconf 84' lang='grc' dir='ltr'><em>πίστει</em></span> <span class='ocrx_word' id='word_1_369' title='bbox 821 2593 1112 2635; x_wconf 72' lang='grc' dir='ltr'><em>δικαιουσθαι</em></span> <span class='ocrx_word' id='word_1_370' title='bbox 1143 2587 1405 2648; x_wconf 62' lang='grc' dir='ltr'><strong><em>ἄνθρωπον]</em></strong></span> <span class='ocrx_word' id='word_1_371' title='bbox 1443 2592 1672 2634; x_wconf 76' lang='grc' dir='ltr'><em>δικαιοῦσ-</em></span> 
     </span>
     <span class='ocr_line' id='line_1_44' title="bbox 206 2646 1670 2706; baseline -0.005 -9"><span class='ocrx_word' id='word_1_372' title='bbox 206 2658 291 2696; x_wconf 64' lang='grc' dir='ltr'><em>θαι</em></span> <span class='ocrx_word' id='word_1_373' title='bbox 311 2650 460 2694; x_wconf 76' lang='grc' dir='ltr'><em>πίστει</em></span> <span class='ocrx_word' id='word_1_374' title='bbox 483 2646 726 2706; x_wconf 67' lang='grc' dir='ltr'><em>ἅνθρωποι·</em></span> <span class='ocrx_word' id='word_1_375' title='bbox 743 2648 935 2694; x_wconf 87' lang='lat' dir='ltr'><strong>A.B.C.</strong></span> <span class='ocrx_word' id='word_1_376' title='bbox 959 2648 1018 2692; x_wconf 88' lang='lat' dir='ltr'><strong>D.</strong></span> <span class='ocrx_word' id='word_1_377' title='bbox 1040 2648 1092 2692; x_wconf 89' lang='grc' dir='ltr'><strong>Ε.</strong></span> <span class='ocrx_word' id='word_1_378' title='bbox 1112 2649 1184 2692; x_wconf 80' lang='grc'><strong>47.</strong></span> <span class='ocrx_word' id='word_1_379' title='bbox 1208 2648 1268 2692; x_wconf 85' lang='lat' dir='ltr'><strong>Co</strong></span> <span class='ocrx_word' id='word_1_380' title='bbox 1304 2654 1337 2692; x_wconf 86' lang='lat' dir='ltr'><strong>t.</strong></span> <span class='ocrx_word' id='word_1_381' title='bbox 1358 2647 1479 2692; x_wconf 82' lang='lat' dir='ltr'><strong>Clar.</strong></span> <span class='ocrx_word' id='word_1_382' title='bbox 1503 2646 1670 2701; x_wconf 74' lang='lat' dir='ltr'><strong>Germ-1</strong></span> 
     </span>
     <span class='ocr_line' id='line_1_45' title="bbox 205 2663 1670 2765; baseline -0.003 -15"><span class='ocrx_word' id='word_1_383' title='bbox 205 2710 489 2752; x_wconf 63' lang='grc' dir='ltr'><em>δικαιοῦσθαι</em></span> <span class='ocrx_word' id='word_1_384' title='bbox 523 2703 765 2765; x_wconf 55' lang='grc' dir='ltr'><strong>ἄνθρωπον</strong></span> <span class='ocrx_word' id='word_1_385' title='bbox 795 2705 890 2749; x_wconf 77' lang='grc' dir='ltr'><strong>διὰ</strong></span> <span class='ocrx_word' id='word_1_386' title='bbox 918 2704 1162 2756; x_wconf 82' lang='grc' dir='ltr'><em>πίστεως</em></span> <span class='ocrx_word' id='word_1_387' title='bbox 1193 2705 1245 2749; x_wconf 86' lang='lat' dir='ltr'><strong>F.</strong></span> <span class='ocrx_word' id='word_1_388' title='bbox 1269 2663 1325 2749; x_wconf 58' lang='grc' dir='ltr'><strong>ἃ.</strong></span> <span class='ocrx_word' id='word_1_389' title='bbox 1351 2705 1487 2759; x_wconf 74' lang='lat' dir='ltr'><strong>vulg.</strong></span> <span class='ocrx_word' id='word_1_390' title='bbox 1507 2703 1670 2746; x_wconf 90' lang='lat' dir='ltr'><strong>Boern.</strong></span> 
     </span>
     <span class='ocr_line' id='line_1_46' title="bbox 207 2759 1670 2821; baseline -0.006 -12"><span class='ocrx_word' id='word_1_391' title='bbox 207 2767 311 2811; x_wconf 62' lang='lat' dir='ltr'><strong>l’nul&#39;.</strong></span> <span class='ocrx_word' id='word_1_392' title='bbox 332 2765 650 2809; x_wconf 77' lang='lat' dir='ltr'><strong>Ambrosiast..</strong></span> <span class='ocrx_word' id='word_1_393' title='bbox 713 2764 973 2821; x_wconf 81' lang='lat' dir='ltr'><strong>Suspectam</strong></span> <span class='ocrx_word' id='word_1_394' title='bbox 996 2762 1143 2805; x_wconf 86' lang='lat' dir='ltr'><strong>reddit</strong></span> <span class='ocrx_word' id='word_1_395' title='bbox 1162 2763 1268 2804; x_wconf 84' lang='lat' dir='ltr'><strong>haec</strong></span> <span class='ocrx_word' id='word_1_396' title='bbox 1294 2762 1498 2804; x_wconf 85' lang='lat' dir='ltr'><strong>lectionis</strong></span> <span class='ocrx_word' id='word_1_397' title='bbox 1526 2759 1670 2802; x_wconf 73' lang='lat' dir='ltr'><strong>diver-</strong></span> 
     </span>
     <span class='ocr_line' id='line_1_47' title="bbox 205 2815 1669 2879; baseline -0.005 -13"><span class='ocrx_word' id='word_1_398' title='bbox 205 2825 318 2867; x_wconf 76' lang='lat' dir='ltr'><strong>sitas</strong></span> <span class='ocrx_word' id='word_1_399' title='bbox 345 2823 609 2879; x_wconf 75' lang='lat' dir='ltr'><strong>scripturam</strong></span> <span class='ocrx_word' id='word_1_400' title='bbox 640 2821 883 2877; x_wconf 64' lang='lat' dir='ltr'><strong>xuigatam,</strong></span> <span class='ocrx_word' id='word_1_401' title='bbox 924 2825 1014 2864; x_wconf 81' lang='lat' dir='ltr'><strong>tum</strong></span> <span class='ocrx_word' id='word_1_402' title='bbox 1044 2820 1147 2876; x_wconf 83' lang='lat' dir='ltr'><strong>quia</strong></span> <span class='ocrx_word' id='word_1_403' title='bbox 1176 2815 1250 2863; x_wconf 70' lang='grc' dir='ltr'><strong>οὖν</strong></span> <span class='ocrx_word' id='word_1_404' title='bbox 1279 2834 1303 2861; x_wconf 88' lang='lat' dir='ltr'><strong>e</strong></span> <span class='ocrx_word' id='word_1_405' title='bbox 1333 2833 1372 2861; x_wconf 72' lang='lat' dir='ltr'><strong>v.</strong></span> <span class='ocrx_word' id='word_1_406' title='bbox 1392 2818 1465 2862; x_wconf 84' lang='lat'><strong>27.</strong></span> <span class='ocrx_word' id='word_1_407' title='bbox 1493 2817 1538 2859; x_wconf 88' lang='lat' dir='ltr'><strong>iu</strong></span> <span class='ocrx_word' id='word_1_408' title='bbox 1559 2817 1669 2859; x_wconf 89' lang='lat' dir='ltr'><strong>huuc</strong></span> 
     </span>
    </p>
   </div>
  </div>
 </body>
</html>
