1752 3347
531 196 688 245 CAP.
720 197 830 244 111.
861 197 955 243 Vs,
983 197 1083 244 2⁴..
1459 196 1543 243 180

80 306 324 348 καιοῦνται.
381 304 520 360 (31.2,
539 306 584 350 4.
615 307 724 350 Lue.
751 307 773 348 1
787 339 800 360 ,
816 306 858 350 9.
880 302 1090 356 sigen-mv
1111 304 1141 348 i.
1163 319 1206 361 q.
1230 305 1302 346 καὶ
1321 302 1539 360 elem-9821,

78 362 219 407 Hebr.
242 364 319 415 ll,
339 361 410 407 35.
433 359 485 405 οὐ
505 360 854 420 προςδεξάμενοι
882 363 934 418 (1.
956 377 1000 420 q.
1026 365 1099 404 καὶ
1128 360 1178 404 οὐ
1198 360 1541 419 frange-digamo)

54 420 156 476 ’τῆν
178 416 500 474 ἀπολύτρωσιν.
560 419 687 462 Ν11111
711 419 850 473 igitur
880 420 923 462 ‘m
944 419 1024 462 1100
1044 418 1287 476 participio
1308 425 1384 461 aut
1404 422 1541 463 mole-

79 476 139 518 sti
170 481 265 528 cst,
303 482 380 518 aut
410 476 578 518 insoliti
610 477 687 532 (cf.
710 476 905 531 Rueck).
962 476 1236 532 Quamquam
1267 476 1307 517 si
1334 478 1434 532 quis
1465 478 1541 518 ὸί-

78 529 334 585 καιούμενοι
358 537 408 574 ut
435 533 616 586 vulgare
643 532 931 589 Participium
971 532 1026 575 ad
1060 531 1344 588 ὗσῑεροῦνται
1372 534 1542 576 referre

78 588 306 631 maluerit:
353 592 397 630 et
433 588 659 644 (quoniam
690 590 943 655 peccarunt)
976 590 1102 632 lande
1137 594 1311 642 carent,
1349 595 1433 647 qua
1468 604 1541 632 003

78 646 200 688 Deus
217 646 354 694 ornet,
382 657 535 700 queem
563 645 651 686 Dei
665 647 862 701 savorem
879 650 1189 700 consequamm·
1205 648 1359 701 matie,
1389 661 1542 701 nempe

74 701 158 743 div.
177 699 467 742 benevolentia
487 700 594 754 (non
614 700 693 742 sua
713 701 899 752 virtute,
929 701 984 744 cf.
1011 704 1086 752 11,
1106 704 1194 755 6.),
1226 703 1265 743 ei
1297 717 1381 744 non
1409 704 1542 747 veho-

75 759 245 798 menter
263 754 534 811 repugnabo.
594 755 669 797 διά
696 756 776 811 τῆς
804 753 935 797 enez.
956 757 1035 812 τῆς
1056 757 1100 799 ἐν
1119 761 1204 814 Xe.
1226 757 1285 813 Ἰ.Ῑ
1322 775 1384 803 50.
1412 775 1544 814 γενο-

71 810 216 866 μένης.
277 809 411 853 Salus
436 826 460 854 a
481 811 661 855 Christo
680 812 927 854 hominihus
950 818 1076 869 parta
1106 816 1205 870 apta
1234 821 1278 856 et
1306 817 1376 858 cui
1397 816 1543 874 scrip-

72 872 195 910 tores
214 882 252 911 s.
270 868 454 910 multum
474 869 684 912 insistant
702 869 995 911 translatione
1013 870 1217 912 redemtio
1243 874 1378 915 soluto
1398 874 1542 930 pretio

74 939 103 967 a
130 923 295 968 christo
319 923 446 981 ficeta
473 931 668 970 vocatur.
727 924 1101 981 Quemadmodum
1130 927 1241 968 enim
1276 929 1392 971 110110
1417 930 1543 987 capti

71 995 127 1023 ex
157 980 349 1023 hostium
379 982 592 1025 servitute
620 983 724 1025 olim
744 981 1072 1025 redimebantur
1089 985 1297 1040 pecunia,
1326 986 1385 1027 ita
1410 985 1542 1030 ‘Chri-

72 1042 170 1080 stus
200 1031 399 1081 ho'mines
425 1040 617 1096 peccatis
645 1040 900 1096 inquinatos
926 1054 948 1081 a
970 1038 1071 1082 Deo
1096 1041 1276 1083 redemit
1306 1049 1444 1085 morte
1463 1058 1540 1085 vo-

73 1095 263 1137 luntaria
293 1097 340 1152 (1
364 1095 466 1140 Cor.
495 1097 547 1149 6,
567 1097 641 1140 20.
697 1099 845 1154 Apoc.
863 1096 915 1151 5,
939 1098 1020 1152 9.).
1078 1096 1316 1151 Homines,
1347 1099 1541 1156 inquam,

74 1151 282 1195 Christus
319 1166 343 1194 a
371 1151 470 1195 Deo
505 1152 715 1206 redemit,
755 1153 831 1209 qui
870 1167 895 1195 a
933 1153 1074 1195 sancti
1114 1154 1306 1196 numinis
1348 1155 1541 1199 vindicta

73 1208 225 1265 (Rom.
259 1209 308 1261 l,
340 1209 409 1253 18.
467 1209 582 1268 Eph.
610 1211 660 1264 2,
687 1211 731 1254 3.
770 1210 820 1264 5,
848 1211 913 1265 6.)
944 1210 1096 1267 utique
1125 1210 1366 1253 redimendi
1397 1220 1541 1267 erant,

74 1265 176 1322 quia
203 1270 501 1322 peccaverant.
558 1267 683 1309 Fecit
714 1267 794 1309 hoc
823 1266 1028 1310 Christus
1055 1266 1109 1309 ad
1139 1267 1183 1310 id
1212 1269 1354 1324 ipsum
1383 1285 1407 1312 a
1435 1269 1538 1314 Deo

72 1322 260 1376 henigne
279 1321 335 1364 ad
354 1323 551 1365 homines
569 1324 734 1366 missus
763 1323 888 1393 (Joh.
907 1325 958 1376 3,
980 1325 1046 1368 16.
1075 1324 1204 1368 Rom.
1228 1327 1279 1378 5,
1302 1328 1345 1370 8.
1375 1328 1424 1381 8,
1440 1329 1540 1383 32.)

72 1379 293 1421 hominum
317 1394 464 1422 amore
490 1379 702 1423 adductus
730 1381 864 1438 (hph.
884 1380 933 1433 5,
951 1381 1041 1432 2.),
1082 1396 1212 1437 quum
1242 1397 1322 1439 pro
1341 1385 1397 1426 iis
1417 1385 1540 1426 ultro

72 1437 335 1479 moreretur.
377 1435 505 1479 Unde
521 1438 708 1492 pretium
727 1436 799 1493 (τὸ
820 1434 976 1494 λύτρον
995 1436 1155 1480 Matth.
1174 1439 1244 1489 20,
1264 1440 1360 1484 28.:
1388 1439 1439 1481 τὸ
1459 1438 1542 1482 ἀν-

71 1489 275 1546 τίλυτρον
304 1488 492 1546 ‘jn-etium
530 1507 631 1548 pro
671 1492 912 1535 homenibus
947 1495 1138 1548 clatum),
1186 1496 1300 1551 qued
1341 1498 1539 1539 homines

70 1546 160 1591 div.
195 1547 384 1591 vindicta
424 1553 679 1591 exemturus
707 1549 807 1591 Deo
845 1551 1084 1606 persolvit,
1122 1552 1162 1592 in
1193 1553 1360 1595 Christi
1398 1558 1539 1596 morte

69 1604 266 1646 cernitur
289 1603 423 1662 (Eph.
453 1607 500 1658 1,
518 1606 601 1660 7.).
659 1605 758 1649 Jam
780 1605 949 1648 Christi
977 1608 1190 1662 sangnine
1224 1610 1365 1651 effuso
1398 1611 1540 1653 homi-

71 1675 148 1704 nes
175 1662 366 1718 pcccatis
395 1661 680 1704 contaminati
710 1660 893 1719 perinde
921 1666 1127 1704 1011111010
1149 1678 1367 1721 nunquam
1388 1681 1541 1724 peeca-

70 1718 162 1759 rint
179 1732 203 1760 a
225 1717 324 1771 Deo
346 1721 594 1760 tractantur
613 1718 796 1775 (habent
813 1719 926 1761 enim
948 1677 1248 1775 redemtionis,
1280 1737 1390 1779 quae
1410 1723 1540 1767 Chri-

71 1779 141 1816 sto
169 1773 376 1828 debetur‚
411 1775 600 1818 fructum
630 1780 903 1830 peccatorum
928 1777 1094 1819 vem'cmz.
1123 1777 1237 1835 Eph.
1274 1781 1318 1831 l,
1347 1781 1390 1824 7.
1441 1780 1539 1826 Col.

71 1832 121 1884 1,
161 1832 254 1888 14.)
298 1836 388 1874 tum
428 1831 626 1888 quidem,
673 1847 804 1888 quum
846 1832 1024 1876 Christo
1068 1833 1198 1877 fidem
1237 1836 1540 1893 adjunxerint.

70 1887 213 1944 Quem
234 1888 310 1944 qui
331 1888 628 1946 repudiaverit
647 1888 740 1947 ejus
769 1894 947 1947 peccata
969 1889 1137 1933 Christi
1167 1886 1386 1951 supplicio
1410 1896 1541 1937 mini-

70 1959 138 1987 me
158 1946 334 2003 expiata
354 1950 478 1999 sunt,
510 1945 715 2002 quoniam
737 1946 781 1987 in
804 1961 972 1988 summo
995 1947 1083 1989 Dei
1113 1954 1155 1990 ct
1175 1949 1344 1992 Christi
1374 1953 1538 1993 amoris

69 2000 228 2043 ardore
255 2002 399 2056 frigus
425 2001 615 2044 animum
646 2003 893 2059 occupavit,
932 2008 981 2045 ut
1012 2006 1198 2047 salutem
1229 2007 1391 2049 misero
1411 2022 1540 2064 pera-

70 2063 238 2100 menter
269 2057 460 2100 oblatam
489 2063 801 2103 contemneret.
864 2059 1011 2114 [Rom.
1041 2061 1090 2113 5,
1114 2062 1158 2105 8.
1199 2063 1250 2116 5,
1279 2064 1321 2107 2.
1380 2063 1408 2104 2
1434 2064 1540 2110 Cor.

69 2115 120 2168 5,
153 2114 241 2168 15.]
299 2112 391 2156 Sed
425 2129 477 2156 eo
507 2116 628 2172 ipso,
669 2115 786 2172 quod
816 2115 994 2159 Christo
1032 2133 1113 2176 pro
1154 2134 1313 2173 genere
1351 2120 1538 2163 hnmano

70 2177 243 2213 mortuo
268 2170 465 2213 homines
493 2172 620 2214 fidem
655 2171 864 2215 hahentes
900 2174 1087 2216 insontes
1116 2190 1139 2216 a
1170 2176 1269 2217 Deo
1309 2177 1538 2231 hahentur,

72 2227 264 2270 Satanae
283 2232 302 2269 t
323 2227 516 2271 'rannide
535 2228 712 2271 liberati
732 2235 848 2282 sunt,
880 2230 1229 2287 quandoquidem
1250 2233 1437 2275 homines
1457 2235 1537 2277 im-

101 2284 192 2326 robi
211 2242 394 2327 Diaboli
411 2299 545 2340 regno
565 2283 733 2327 subditi
754 2290 857 2329 sunt
877 2287 1007 2342 (Act.
1024 2289 1080 2330 2ss
1095 2321 1107 2341 ,
1136 2290 1203 2332 18.
1233 2289 1329 2331 Col.
1354 2291 1378 2330 l
1392 2322 1403 2342 ,
1427 2291 1536 2345 13.).

68 2298 212 2382 f'orro
241 2339 404 2383 idcirco
432 2342 679 2384 hominihus
702 2341 832 2385 fidem
859 2343 1121 2386 habentibus
1147 2361 1224 2402 per
1245 2346 1412 2388 Christi
1433 2363 1537 2405 sup-

68 2397 249 2455 plicium
277 2403 549 2454 peccatorum
576 2398 701 2442 venia
739 2399 1014 2453 conceditur,
1053 2406 1101 2442 nt
1137 2401 1193 2443 ad
1231 2404 1408 2446 virtutis
1440 2411 1536 2447 stu-

70 2454 188 2496 dium
212 2460 425 2497 acuantur
451 2456 528 2510 (cf.
549 2461 640 2499 not.
671 2453 726 2497 ad
748 2458 796 2510 1,
818 2458 933 2512 17.);
958 2457 1060 2515 jure
1094 2458 1228 2511 igitur
1248 2459 1453 2502 Christus
1482 2476 1534 2503 eo

67 2511 154 2553 fine
183 2515 361 2552 mortem
390 2510 553 2554 adiisse
585 2511 769 2565 dicitur,
800 2518 848 2555 ut
877 2528 1044 2555 morum
1074 2516 1332 2571 pravitatem
1359 2530 1382 2557 a
1403 2518 1533 2560 nobis
1627 2531 1631 2533 ⁴

69 2567 305 2610 redimeret
326 2567 420 2611 Tit.
442 2569 494 2621 2,
517 2569 586 2612 14.
630 2571 653 2611 l
675 2565 798 2613 Petr.
824 2573 869 2622 l,
891 2570 977 2614 18..
1037 2570 1238 2613 Ceterum
1268 2573 1371 2614 haec
1401 2575 1532 2617 mini-
1597 2589 1601 2592 ⁴

70 2639 138 2666 me
157 2624 272 2666 inter
292 2638 340 2665 se
361 2629 625 2681 repugnant,
655 2624 800 2667 Deum
820 2626 1032 2668 ‚bominum
1064 2642 1208 2670 canore
1226 2635 1384 2672 azotum
1403 2631 1532 2674 Clu-i-

69 2685 186 2722 stum
209 2684 389 2722 mortem
408 2695 487 2738 pro
507 2682 564 2722 iis
582 2680 917 2779 adirerljussisse
946 2682 1096 2738 (Rom.
1118 2685 1170 2735 8,
1189 2686 1304 2738 32),
1337 2691 1384 2728 ut
1405 2703 1529 2730 suam

70 2737 126 2778 ab
159 2737 214 2778 iis
248 2738 359 2779 iram
388 2741 606 2780 averteret
634 2740 680 2794 (1
750 2738 868 2781 hess.
902 2740 948 2789 l,
978 2741 1084 2794 10.).
1142 2740 1254 2782 Nam
1283 2742 1381 2784 odio
1403 2744 1529 2786 Deus

69 2793 200 2836 hahet
223 2798 422 2849 peccata,
449 2793 637 2836 homines
663 2793 826 2848 diligit.
883 2793 971 2837 Ilia
1004 2801 1052 2838 ut
1081 2799 1338 2854 punirentur
1359 2800 1529 2843 Christi

70 2851 284 2910 supplicio
305 2865 416 2908 opus
436 2855 553 2904 erat,
583 2851 652 2893 cui
670 2849 893 2895 Christum
917 2851 1041 2895 Deus
1062 2853 1157 2912 ipse
1183 2857 1393 2914 subjecit,
1423 2857 1527 2913 quia
