1752 3347
552 190 711 238 CAP.
743 188 855 235 ΙΙΙ.
893 189 981 234 Vs,
1013 189 1111 233 27..
1467 188 1553 231 205

89 315 220 361 quam
254 315 324 354 rc,
353 301 584 344 ambitiose
614 302 851 342 ostentent.
909 295 986 341 Ad
1016 295 1061 339 id
1088 296 1365 339 caerimoniis
1391 296 1549 340 mirum

89 364 299 417 quantum
326 359 527 401 tribuens
558 358 756 399 homines
798 371 820 396 a
853 355 1017 412 pictate
1051 361 1202 398 avocat
1240 354 1453 409 facitque,
1501 359 1551 398 ut

89 417 358 475 praeclaram
380 430 470 457 rem
493 415 580 456 sibi
603 414 751 471 adepti
772 412 1024 465 videantur,
1054 427 1185 468 quum
1208 411 1357 453 inanes
1379 412 1552 454 umbras

87 473 232 516 venati
249 472 413 529 fuerint
432 472 474 514 h.
493 486 531 514 e.
556 486 686 528 quum
716 484 850 512 vanos
878 468 991 510 ritus
1021 469 1212 511 obierint
1233 468 1341 512 Luc.
1364 470 1442 523 18,
1463 469 1550 513 12..

89 530 199 574 Jure
218 533 367 573 contra
392 527 440 570 P.
462 526 535 568 διὰ
556 525 693 580 νόμου
710 525 900 574 πίστεως
921 525 1160 580 gloriosam
1186 525 1427 567 orationem
1447 526 1553 567 suh-

87 588 222 628 latam
249 598 349 625 esse
377 584 580 625 affirmat.
638 582 728 624 Hie
753 596 926 637 quoque
952 579 1086 634 νόμος
1106 583 1259 638 (oyem,
1289 596 1373 624 non
1395 583 1553 626 doctri-

86 656 189 689 'mm
209 641 293 695 (sic
315 640 428 680 male
447 639 588 690 Bezu,
618 639 832 680 zv'oesselt.
860 639 892 680 l.
915 652 951 680 c.
973 653 1016 694 p.
1036 639 1107 681 99.
1122 673 1133 691 ,
1165 638 1285 682 Mor.
1300 671 1312 692 ,
1341 640 1426 683 aL:
1464 654 1552 681 non

86 697 203 739 enim
222 692 354 748 νόμος
373 694 614 737 doctrinam
632 694 874 748 significat)
894 694 1026 736 valet.
1084 696 1207 752 Apte
1237 696 1441 737 nimirum
1460 696 1554 738 dis-

84 753 248 810 ciplina
266 751 424 795 christ.
452 747 586 803 νόμος
616 754 819 802 vocatur,
850 764 982 805 quum
1004 754 1047 792 et
1070 752 1166 808 ipsa
1186 753 1311 794 nohis
1330 754 1453 807 leges
1471 753 1554 794 im-

84 812 244 867 ponat,
281 823 323 852 v.
356 823 392 853 c.
421 811 472 850 ut
497 806 596 849 Deo
628 820 860 864 pareamus
890 810 935 848 et
961 806 1034 864 pie
1060 809 1282 861 vivamus3
1321 810 1553 867 aptissime

84 880 184 908 cam*
202 863 256 909 Ρ.
278 863 411 918 νόμον
440 861 683 914 πίστεως
715 865 869 919 leyem,
899 877 1006 919 (lecese
1033 862 1204 920 fidem
1231 868 1426 919 postulat
1452 867 1496 912 11.
1518 868 1552 912 l.

82 926 329 980 nuncupat,
360 920 710 977 quandoquidem
730 922 825 976 Ap.
848 919 1000 978 judice
1027 921 1172 963 omnia
1204 928 1453 965 ornamenta
1476 925 1556 966 ha-

83 979 160 1022 het
182 980 256 1036 qui
275 978 454 1022 Christe
475 977 603 1019 fidem
625 977 830 1019 habuerit
850 982 911 1033 (v.
932 977 1002 1020 22.
1024 977 1134 1032 22).
1192 976 1384 1022 Pulchre
1413 981 1554 1036 igitur

82 1035 365 1093 disciplinam
393 1035 548 1078 christ.
578 1034 710 1086 νόμον
742 1033 994 1083 πίστεως
1031 1049 1057 1076 a
1089 1049 1136 1076 re
1166 1037 1384 1092 appellat,
1424 1053 1552 1094 quam

82 1098 136 1136 ut.
151 1094 337 1135 maxime
357 1092 650 1134 necessariam
671 1105 777 1149 prae
797 1091 954 1133 ceteris
974 1105 999 1132 a
1020 1091 1146 1133 nohis
1164 1098 1333 1150 poscat.
1388 1093 1555 1150 Quam..

84 1165 214 1207 quam
235 1155 284 1192 ut
311 1149 356 1192 h.
376 1149 409 1192 l.
435 1147 713 1206 disciplinam
741 1148 896 1192 christ.
927 1142 1059 1199 νόμον
1088 1149 1282 1200 πίστεως
1307 1157 1483 1194 vocaret
1501 1166 1553 1195 oo

84 1212 230 1250 motus
248 1209 341 1259 est,
379 1203 495 1261 quod
522 1206 663 1260 legem
684 1220 794 1248 mos.
823 1202 898 1246 rcriu
915 1201 1050 1255 νόμον
1080 1207 1183 1246 τῶν
1218 1203 1396 1264 ἔργων
1425 1209 1554 1252 modo

84 1263 278 1307 dixerat.
345 1261 461 1304 Nam
498 1262 639 1304 acutis
676 1262 903 1304 antithetis
933 1259 986 1304 P.
1025 1261 1255 1305 admodum
1295 1264 1555 1312 delectatur.

84 1318 300 1364 Absurde
339 1319 501 1375 ChryS.
537 1318 590 1363 P.
633 1318 742 1360 disci
761 1319 910 1360 ›linam
948 1318 1102 1362 christ.
1151 1318 1316 1373 νόμον
1361 1322 1556 1373 πίστεως

85 1391 364 1434 nuncupasse
400 1381 621 1429 autumat,
667 1380 717 1417 ut
746 1334 940 1419 iludaeos
965 1375 1244 1419 Christianos
1273 1378 1413 1422 factos
1451 1381 1555 1436 leyis

86 1433 291 1476 damnum
310 1447 469 1490 passos
500 1446 585 1476 non
607 1447 705 1474 esse
731 1436 928 1490 pateret,
970 1433 1132 1490 quippe
1160 1447 1272 1475 nunc
1302 1433 1421 1492 νόμῳ
1451 1435 1556 1478 πί-

85 1504 262 1539 στεως
303 1489 541 1548 subjectos.
607 1488 765 1546 Neque
794 1490 951 1531 melius
981 1489 1107 1531 Beza
1136 1489 1254 1546 Ap„
1298 1506 1431 1548 quum
1458 1490 1556 1536 νό-

83 1562 184 1601 μον
216 1544 411 1595 πίστεως
442 1546 681 1598 scriberet,
720 1547 786 1587 rei
813 1546 967 1599 christ.
998 1545 1276 1592 adversarios
1302 1549 1557 1608 (Judaeos)‚

83 1602 162 1660 qui
180 1602 283 1658 leqe's
300 1616 455 1644 nomen
475 1616 648 1659 semper
667 1602 712 1643 in
735 1616 810 1644 ore
830 1600 1067 1654 haberent,
1097 1617 1177 1659 per
1194 1603 1436 1648 ludibrium
1457 1607 1558 1650 imi-

83 1665 225 1703 tatum
251 1673 349 1702 esse
373 1663 518 1717 putat.
576 1658 666 1703 Sed
693 1673 747 1701 ne
766 1656 818 1702 P.
838 1659 881 1702 h.
898 1659 931 1703 l.
961 1658 1007 1700 in
1037 1658 1120 1699 hoc
1141 1660 1303 1702 laetari
1330 1667 1374 1704 et
1396 1664 1556 1706 trium-

83 1717 225 1774 phare
251 1716 452 1770 mireris,
491 1716 607 1772 quod
635 1716 855 1757 hominum
892 1715 1110 1775 jactantia
1130 1716 1224 1775 jam
1268 1719 1444 1762 sublata
1481 1722 1556 1776 sit,

84 1787 184 1815 cum
210 1777 425 1814 memento
449 1773 563 1815 nihil
590 1777 679 1815 tam
707 1772 976 1825 abominari,
1015 1784 1144 1828 quam
1172 1774 1374 1818 fiduciam
1412 1779 1482 1819 sui
1511 1784 1557 1821 et

81 1830 421 1872 ostentationem
438 1829 600 1885 (lCor.
622 1832 662 1882 1,
680 1829 752 1874 28.
788 1830 819 1871 2
834 1829 938 1874 Cor.
959 1831 1000 1882 l,
1019 1831 1061 1873 9.
1107 1829 1222 1888 Eph.
1242 1832 1283 1886 2,
1303 1834 1346 1877 9.
1370 1836 1410 1876 “1
1434 1835 1556 1881 Tim.

83 1889 135 1940 6,
154 1887 224 1930 17.
251 1887 357 1940 ³1.),
397 1887 508 1928 nihil
535 1888 777 1945 impensius
805 1885 1106 1929 commendare
1138 1903 1266 1943 quam
1295 1889 1556 1935 modestiam

81 1945 132 2000 (l
163 1942 267 1986 Cor.
295 1943 347 1996 4,
375 1944 461 1997 6.),
489 1943 687 2000 nihilque
716 1943 881 1985 homini
909 1944 1206 1999 rellinquere‚
1245 1944 1298 1988 de
1325 1962 1411 2002 quo
1436 1954 1556 1992 recte

83 2000 323 2055 glorietur,
351 2004 662 2057 praeterquam
684 1999 774 2042 Dei
795 2000 863 2042 vel
884 1999 1054 2043 Christi
1073 2000 1421 2045 benevolentiam
1449 2020 1555 2061 erga

81 2055 311 2110 indignum
341 2057 546 2098 collatam
574 2059 622 2113 (1
642 2057 745 2100 Cor.
777 2058 825 2109 l,
850 2057 923 2100 31.
977 2057 1006 2098 2
1025 2057 1128 2101 Cor.
1157 2059 1208 2111 3,
1236 2059 1279 2103 5.
1325 2063 1377 2113 4,
1396 2063 1439 2105 7.
1486 2062 1555 2116 10,

85 2114 156 2157 17.
181 2114 252 2158 18.
311 2112 413 2156 Gal.
437 2115 486 2166 6,
509 2113 579 2157 14.
639 2112 758 2157 Phil.
779 2113 830 2167 3,
848 2113 892 2156 3.
911 2114 1010 2168 aL).
1064 2113 1202 2157 Recte
1227 2116 1366 2171 igitur
1383 2118 1427 2161 h.
1446 2119 1480 2162 l.
1510 2125 1556 2162 et

85 2169 204 2226 quod
250 2169 682 2227 superbiloquentiae
727 2171 950 2214 silentium
997 2172 1259 2227 imperatum
1297 2174 1358 2215 sit
1394 2175 1556 2230 gaudio

83 2226 328 2284 triumphat
360 2231 405 2269 et
431 2227 477 2269 in
503 2226 764 2285 disciplinae
793 2227 947 2271 christ.
969 2228 1101 2270 laude
1129 2230 1277 2285 ponit,
1309 2232 1426 2287 quod
1443 2233 1557 2276 illud

85 2282 388 2340 imperaverit.
427 2282 745 2327 Perverterunt
761 2283 924 2335 hunc-l.
948 2285 1022 2340 qui
1040 2287 1181 2340 legem
1202 2301 1312 2330 mos,
1333 2287 1554 2333 hominum

85 2339 335 2397 superbiam
353 2341 544 2396 fregisse
567 2342 661 2399 Ap.
678 2342 791 2383 male
811 2345 1070 2397 negaturum
1088 2342 1228 2385 fuisse
1251 2346 1552 2399 opinarentur.

83 2394 203 2438 Nam
223 2396 321 2437 fieri
355 2412 440 2439 non
469 2399 689 2456 potuisse,
719 2397 823 2455 quin
850 2398 909 2440 iis
938 2398 1196 2440 modestiam
1226 2400 1449 2459 injiceret,
1478 2405 1555 2459 qui

85 2457 204 2494 recte
223 2452 272 2494 ca
293 2456 538 2499 uterentur.
585 2455 703 2497 Hinc
722 2454 864 2509 Kypls.
885 2453 942 2496 ad
959 2470 1001 2498 v.
1023 2453 1096 2497 διὰ
1121 2454 1257 2497 ποίου
1278 2454 1414 2511 νόμου
1431 2474 1552 2503 men-

85 2515 130 2552 te
152 2507 321 2550 addidit
339 2523 456 2554 vocc.
481 2509 634 2553 ἐστὶν
663 2508 688 2567 ἦ
713 2511 950 2566 καύχησιςς
981 2511 1025 2555 11.
1046 2526 1106 2554 S.:
1134 2512 1206 2553 ubi
1225 2518 1291 2555 est
1309 2514 1549 2572 iyiturgylo-

85 2560 250 2609 riano?
280 2566 457 2608 exclusa
475 2572 554 2619 est,
569 2581 649 2623 per
665 2567 833 2623 qualem
851 2568 985 2623 leqem
1006 2582 1061 2610 or
1074 2568 1115 2609 it
1127 2583 1188 2611 nr
1205 2584 1330 2612 vera
1344 2571 1550 2626 ylericctio
1603 2588 1607 2592 “

84 2622 206 2679 (scil.
230 2616 283 2663 vo*
309 2622 554 2673 καυχᾶσθαι
582 2621 627 2665 ἐν
647 2625 735 2679 Χρ.
760 2620 805 2664 Ἰ.
834 2621 955 2666 Phil.
981 2623 1029 2677 3,
1052 2619 1151 2677 3.)‘.2
1185 2640 1285 2668 num
1308 2641 1388 2682 per
1416 2629 1549 2685 leyem

85 2672 299 2733 operum?
342 2691 631 2734 nequaquam,
672 2680 749 2721 sed
782 2692 862 2732 per
898 2681 1031 2734 leqem
1069 2678 1184 2732 fidei.
1247 2681 1336 2738 Qui
1362 2684 1550 2729 licenter

87 2735 200 2790 egit,
230 2748 360 2790 quum
383 2739 427 2775 et
445 2731 540 2775 ἔστι
560 2749 640 2791 pro
662 2732 919 2790 ἐξεκλείσθη
940 2736 1171 2791 cogitando
1191 2737 1402 2799 adjiceret
1429 2748 1473 2784 et
1504 2758 1545 2787 v.

86 2787 114 2848 ἡ
134 2787 344 2847 καύχησις
362 2791 609 2847 posteriorc
627 2792 660 2834 l.
682 2790 734 2832 de
754 2791 949 2845 gloriosa
970 2792 1190 2847 oratione,
1221 2810 1349 2852 qnam
1376 2797 1545 2853 injuriet

87 2848 250 2903 culpes,
278 2853 471 2906 caperet.
529 2846 688 2896 Rueck.
707 2854 852 2892 autem
871 2850 1048 2895 Erccsmi
1072 2858 1315 2897 commento
1345 2855 1546 2899 nonnihil
