1752 3347
206 237 289 279 106
483 233 860 279 EPISTOLA
894 235 995 277 AD
1029 234 1391 281 ROMANOS

202 340 481 384 vehemens
503 342 587 385 ira.
646 340 815 384 Nostro
833 341 866 386 l.
888 338 942 384 P.
970 355 1051 399 pro
1078 345 1293 384 commoto
1323 342 1468 384 animo
1495 343 1670 387 uberta-

201 401 289 439 tem
310 400 584 440 consectatus
604 402 840 454 utrumque
861 411 954 441 voc.
978 398 1150 455 posuit,
1219 413 1273 440 uo
1295 398 1434 454 magis
1463 400 1553 442 irae
1582 401 1665 443 div.

200 453 408 510 cogitatio
426 455 638 497 lectorum
667 456 833 497 animos
863 455 1034 498 feriret.
1093 413 1264 510 Quoiisi
1292 470 1387 497 cum
1419 456 1549 510 vulgo
1581 460 1663 499 θυ-

199 511 283 564 μὸς
303 512 375 553 καὶ
398 507 505 567 ὀργή
527 512 816 565 collocamus,
845 511 926 554 hoc
948 510 1132 554 dicitur:
1162 512 1401 554 hominibus
1420 526 1600 569 nequam
1618 538 1666 546 -

202 568 289 610 Dei
303 568 661 611 excandescentia
679 573 722 611 et
739 569 808 612 ira
828 570 912 611 erit
930 568 961 614 i.
981 583 1020 612 e.
1039 568 1255 611 habebunt
1281 569 1416 622 iram,
1454 583 1564 625 quae
1592 581 1669 610 nem

199 623 397 666 continuo
421 624 594 667 sedetur
619 626 694 668 sed
719 625 948 680 perduret,
991 640 1097 680 ergo
1125 625 1279 678 etiam,
1321 639 1454 681 quum
1486 624 1576 666 Dei
1605 625 1669 665 ira

198 692 436 780 goenarum
457 681 555 723 fons
575 682 635 723 sit
651 682 728 738 (cf.
749 686 841 726 not.
860 680 914 723 ad
939 683 1095 738 1‚18.)‚
1125 683 1328 724 certiss
1342 683 1405 723 im
1419 696 1476 724 as
1495 695 1669 736 poenas.

237 736 279 777 in
299 750 394 778 cum
412 736 640 792 Knappe'o,
672 738 852 782 Lac-hm.
873 743 917 781 et
936 739 1161 781 nobiseum
1182 739 1409 780 lectionem
1432 753 1511 794 per
1532 737 1670 779 libros

199 793 282 847 ΙΑ.
303 792 356 837 Β.
377 792 439 837 D.
458 792 511 837 E.
533 794 589 840 G.
621 796 694 840 21.
723 796 795 839 37.
825 796 898 839 41.
925 797 998 840 73.
1028 796 1111 839 Mt.
1139 796 1171 839 f.
1201 794 1304 852 Syr.
1333 794 1391 838 It.
1424 795 1563 849 Vulg.
1591 794 1670 846 aL]

196 850 435 892 firmiorem
456 851 564 908 ὀργὴ
585 853 659 894 καὶ
686 849 833 905 θυμός
858 854 1107 910 receperis,
1147 852 1218 893 hic
1249 867 1405 894 sensus
1436 852 1552 894 exit:
1588 851 1671 892 erit

197 906 436 949 hominibus
462 908 664 963 improbis
692 909 776 951 ira
805 915 856 952 et
884 910 1355 952 excandescentia
1386 909 1431 951 h.
1464 923 1502 950 e.
1535 908 1601 949 ira
1629 910 1671 947 et

195 963 416 1006 vehemens
442 963 610 1020 quidem
636 967 762 1020 (ergo
791 967 922 1008 etiam
951 980 1186 1024 poenarum
1214 965 1401 1006 tristitia
1431 968 1475 1005 ct
1504 961 1672 1004 acerbi-

195 1020 303 1076 tas).
362 1017 554 1063 Invertit
585 1027 730 1064 autem
758 1021 811 1066 P.
844 1023 1093 1065 inchoatam
1132 1026 1400 1063 structuram
1427 1034 1513 1075 quo
1545 1017 1672 1060 modo

195 1090 250 1119 ne
268 1077 482 1119 classicus
505 1077 678 1134 quidem
698 1079 890 1136 scriptor
909 1095 1002 1122 eam
1025 1079 1241 1119 invertere
1253 1077 1517 1127 dubitasset,
1539 1090 1670 1132 quum

195 1129 302 1190 697*
334 1134 409 1176 καὶ
434 1133 583 1187 θυμός
608 1136 706 1179 scil.
733 1133 861 1178 ἔσται
891 1136 1128 1188 scriberet,
1172 1134 1275 1191 quia
1305 1149 1389 1175 non
1417 1133 1528 1175 satis
1557 1147 1671 1174 com-

196 1204 265 1232 mo
299 1205 321 1231 e
340 1186 472 1248 ὀργὴν
493 1193 567 1232 καί
585 1189 731 1245 θυμόν
750 1192 846 1235 scil.
867 1189 1096 1234 ἀποδώσει
1116 1205 1157 1235 V.
1178 1195 1220 1234 6.
1242 1191 1332 1240 (1ίοί
1348 1191 1443 1248 ipse
1457 1189 1674 1231 sensisset

192 1247 272 1302 (cf.
291 1247 488 1299 Reum).
545 1247 752 1290 Licuerat
772 1249 812 1290 ei
832 1249 895 1290 sic
916 1249 1041 1305 loqui
1061 1250 1155 1297 τοῖς
1178 1248 1226 1291 ὁὲ
1254 1248 1303 1297 ἐξ
1326 1245 1533 1304 ἐριθείας
1549 1271 1600 1277 -
1617 1272 1656 1277 —

195 1300 347 1360 ἀδικίᾳ
376 1299 608 1346 κόλασιν
636 1302 868 1347 αἰώνιον
895 1301 1182 1360 (ἀποδώσει).
1256 1303 1481 1359 Θνίρρηθε,
1523 1301 1669 1360 perdi-

193 1363 268 1402 tus
294 1374 511 1415 nugarum
540 1366 731 1414 amator,
771 1365 815 1404 et
846 1362 1084 1418 Theophyl.
1119 1360 1173 1406 P.
1204 1362 1407 1403 consulto
1441 1374 1524 1401 non
1564 1355 1669 1415 ὀργῆ

194 1418 270 1459 καὶ
307 1414 455 1469 θυμὸς
494 1414 958 1474 ἀποδοθήσεται,
1007 1418 1085 1460 sed
1127 1415 1234 1474 ὀργῆ
1278 1419 1352 1459 καὶ
1385 1413 1534 1469 θυμός
1571 1416 1668 1459 scil.

193 1470 355 1515 ἔσται
380 1472 549 1516 dixisse
568 1471 826 1532 perhibent,
856 1480 903 1518 ut
923 1490 1086 1533 poenas
1108 1476 1186 1517 sua
1210 1489 1424 1531 quemque
1451 1473 1671 1530 perversi—

194 1533 285 1572 tate
316 1530 404 1572 sibi
432 1531 580 1588 potius
611 1532 825 1585 conflare,
874 1547 1003 1589 quam
1031 1547 1106 1573 eas
1131 1547 1155 1573 a
1184 1530 1601 1572 benevolentissime
1629 1534 1669 1570 et

194 1587 360 1645 optimo
399 1588 574 1630 numine
613 1589 858 1646 proticisci,
904 1587 1130 1630 indicaret.
1200 1586 1324 1642 Quas
1357 1599 1497 1640 nugas
1526 1587 1671 1627 minus

193 1645 354 1697 miror,
403 1658 533 1700 quam
572 1643 689 1700 quod
728 1645 907 1700 Benyel.
949 1644 1058 1688 (3010
1089 1643 1234 1701 posito
1260 1649 1362 1700 post
1390 1641 1542 1700 ἀδικίᾳ
1574 1657 1670 1684 ver-

193 1700 350 1757 bisque
374 1697 478 1756 697⁷}
498 1701 571 1742 καὶ
590 1698 738 1754 θυμός
758 1700 814 1742 ad
832 1716 872 1744 v.
890 1702 931 1744 9.
949 1700 1129 1753 relatis,
1160 1700 1307 1743 versui
1329 1700 1371 1743 8.
1423 1702 1513 1748 τοῖς
1544 1699 1590 1741 δὲ
1626 1697 1674 1749 ἐξ

193 1754 398 1811 ἐριθείας
417 1783 472 1788 -
490 1757 545 1815 τῇ
571 1754 722 1813 ἀδικίᾳ
740 1758 771 1812 ·)
811 1758 1074 1813 aposiopesin
1102 1757 1312 1799 obtrusit.
1418 1788 1429 1798 .
1457 1757 1499 1799 9.
1534 1759 1576 1797 et
1601 1757 1671 1799 10.

194 1813 469 1857 Sententiam
490 1827 532 1857 V.
550 1815 592 1857 7.
615 1818 659 1856 et
679 1814 722 1857 8.
751 1815 1049 1866 enuntiatam,
1089 1829 1174 1870 quo
1204 1813 1345 1868 magis
1372 1812 1469 1872 ejus
1500 1811 1673 1869 pondus

193 1870 440 1924 sentiatur,
479 1869 532 1913 P.
562 1871 726 1928 repetit
755 1875 800 1912 et
830 1871 890 1912 ita
924 1870 1097 1928 quidem
1129 1874 1177 1912 ut
1208 1870 1393 1911 omnium
1424 1870 1672 1925 promiscue

196 1927 417 1969 hominum
436 1929 498 1983 (v,
519 1929 563 1971 9.
591 1925 668 1969 ἐπὶ
697 1929 884 1969 πᾶσαν
917 1926 1062 1982 ψυχὴν
1091 1945 1124 1968 κ.
1159 1943 1196 1968 τ.
1229 1927 1293 1977 λ.,·
1331 1941 1373 1970 v.
1406 1927 1473 1967 10.
1506 1927 1673 1966 παντὶ

193 1984 257 2039 τῷ
275 1982 362 2040 ἕργ.
382 2000 422 2026 κ.
443 1999 479 2025 τ.
499 1983 559 2038 λ.)
579 1984 798 2026 notionem
817 1988 959 2027 acuat.
1017 1983 1098 2025 Est
1119 1984 1256 2039 igitur
1274 1997 1315 2025 v.
1335 1985 1378 2026 9.
1395 1987 1436 2023 et
1455 1983 1522 2024 10.
1544 1979 1670 2023 ἔσται

193 2039 510 2100 supplendum,
540 2045 589 2083 ut
607 2039 661 2084 P.
680 2055 790 2098 quae
811 2040 1026 2099 improbis
1056 2042 1114 2082 sit
1143 2045 1187 2081 et
1213 2053 1323 2096 quae
1352 2038 1504 2097 probis
1535 2037 1672 2079 homi-

193 2098 321 2140 nibus
340 2097 519 2139 fortuna
538 2096 693 2154 fictura
716 2112 873 2140 rursus
904 2097 1099 2153 graviter
1125 2096 1334 2139 declaret.
1401 2094 1565 2160 Incipit
1595 2109 1670 2136 au-

194 2161 281 2198 tem
302 2169 327 2196 a
347 2153 508 2196 misera
528 2168 762 2212 pravorum
783 2155 1003 2197 hominum
1023 2153 1272 2196 conditione
1292 2167 1334 2196 V.
1353 2153 1396 2195 9.
1411 2185 1423 2205 ,
1454 2166 1523 2193 cui
1548 2150 1670 2193 dein-

196 2226 299 2269 ceps
322 2225 533 2253 summam
560 2211 730 2269 piorum
757 2211 978 2253 hominum
1011 2212 1268 2253 felicitatem
1300 2208 1481 2266 opponit
1510 2222 1550 2251 v.
1588 2209 1673 2261 10.,

196 2269 296 2326 quia
320 2271 369 2310 ut·
389 2272 491 2310 ante
512 2267 625 2310 dicta
648 2269 780 2310 iteret
800 2283 840 2311 v.
867 2270 911 2311 9.
942 2269 1033 2321 10.,
1075 2268 1132 2309 iis
1163 2282 1274 2334 quae
1300 2281 1342 2309 ν.
1372 2268 1414 2308 8.
1444 2266 1671 2307 continen-

195 2333 292 2378 tur,
322 2326 508 2367 maxime
527 2325 754 2368 invitatur.
815 2324 997 2367 Scilicet
1019 2339 1209 2382 praemia
1230 2323 1383 2365 virtuti
1408 2337 1430 2363 a
1450 2322 1548 2364 Deo
1570 2335 1670 2379 pro·

196 2383 342 2439 posita
362 2397 461 2425 esse
480 2396 502 2423 a
525 2382 679 2439 quovis
698 2381 828 2423 facile
848 2380 1187 2424 concedebatur:
1218 2379 1330 2422 illud
1353 2379 1511 2423 Judaci
1541 2379 1674 2421 vulno

198 2439 435 2494 negabant,
464 2439 584 2493 fore,
613 2444 672 2481 'ut
701 2454 778 2480 sua
811 2439 1023 2480 maleficia
1045 2439 1171 2480 Deus
1198 2437 1502 2479 vehementius
1531 2435 1601 2476 vin
1637 2436 1673 2477 i-

197 2501 341 2549 caret3
374 2497 430 2540 cf.
452 2500 543 2540 not.
564 2495 618 2538 ad
638 2511 678 2539 v.
698 2496 758 2538 3..
819 2494 986 2546 θλίψις
1007 2495 1079 2536 καί
1112 2492 1399 2550 στενοχωρία]
1433 2492 1554 2535 Hace
1585 2491 1672 2533 duo

198 2567 331 2601 voce„
353 2567 535 2621 quorum
555 2552 779 2611 posterius
799 2553 978 2607 gravius
1001 2558 1066 2593 est
1090 2550 1252 2606 (2001'.
1273 2550 1372 2603 4,8.
1393 2576 1446 2582 —-
1478 2548 1521 2592 ἕν
1541 2547 1673 2589 ,ταυτὶ

198 2609 557 2661 ἃλιβομενοι,
589 2606 690 2651 ἀλλ’
711 2606 764 2651 οὗ
785 2622 1094 2666 στενοχωρο
1111 2606 1169 2661 τ’,ιι
1186 2623 1315 2650 ενοι.
1349 2603 1670 2660 ἀπορούμε-

200 2680 309 2712 νοι,
341 2661 436 2706 ἀλλ’
460 2662 537 2708 οὔκ
557 2661 1009 2721 ἐξαπορούμενοι
1029 2667 1129 2717 --·)
1158 2678 1350 2706 summae
1371 2662 1572 2705 miseriae
1594 2673 1670 2701 no-

200 2722 360 2763 tionem
382 2723 668 2766 exhauriunt:
700 2723 932 2764 calamitas
951 2726 994 2764 ct
1014 2722 1306 2774 anqustiae
1333 2720 1375 2762 h.
1403 2734 1442 2762 e.
1469 2732 1526 2759 su
1539 2731 1576 2757 m
1591 2730 1671 2757 ma

201 2778 443 2820 calamitas.
499 2778 561 2820 Ut
585 2780 680 2823 h.1.
703 2777 754 2823 P.
774 2779 851 2834 (cs.
870 2778 1038 2834 8,35.)‚
1075 2770 1134 2820 ita
1158 2777 1289 2820 etiam
1322 2776 1397 2817 alii
1431 2774 1671 2830 scriptores

202 2840 434 2891 utrumque
470 2848 563 2878 voc.
600 2851 691 2877 com
727 2840 886 2883 onunt,
934 2850 974 2878 ν.
1006 2849 1043 2878 c..
1076 2832 1299 2877 Artemid.
1332 2832 1450 2883 l,⁷9.
1480 2830 1599 2878 2537.
1628 2830 1671 2878 3.

201 2893 272 2936 57.
295 2905 362 2948 sq.
384 2889 451 2934 ed.
473 2890 606 2948 Reiff.
624 2897 668 2933 et
691 2851 822 2935 EXX
845 2891 938 2937 JeS.
959 2891 1108 2944 8,22.‚
1138 2891 1213 2932 ubi
1234 2888 1406 2934 Iesaias
1437 2895 1568 2942 :zv-,em-
1594 2900 1671 2941 ³7⁸.
