1752 3347
501 225 661 273 cAP.
689 225 803 272 111.
835 225 930 274 vs.
958 213 1058 274 25..
1433 229 1517 272 193

45 346 142 376 cum
161 333 425 392 scriptorum
446 348 483 378 s.
508 332 562 376 de
582 333 765 378 Christo
788 334 1002 378 sententia
1025 334 1188 392 optime
1206 336 1517 388 congruentem

46 444 48 447 Ι
77 391 233 433 robare
259 390 583 435 reformidaret.
642 391 812 447 Utique
844 392 956 434 enim
986 387 1268 447 ἱλαστίριον,
1300 389 1416 447 quod
1441 390 1520 432 ad-

44 405 140 490 ¹dito
160 462 200 492 v,
224 446 344 502 ἱερόν
363 463 400 490 S.
417 444 578 504 ἱερεῖον
600 462 637 491 S.
658 450 784 502 θῦμα
804 449 1020 514 principio
1039 421 1259 505 expietum
1280 451 1362 499 est,
1393 445 1517 489 dein-

42 518 148 562 ceps
178 504 452 546 substantive
482 503 742 557 sacrificium
768 505 990 558 pracedat-e
1015 504 1258 547 dicebatur.
1316 503 1513 559 Hesych-

40 556 327 616 ἱλαστήριονε
365 557 628 614 καθάρσιον.
687 560 778 601 Dio
801 560 1034 616 Chrysost.
1068 561 1195 604 Orat.
1219 559 1305 604 XI.
1336 560 1385 614 I,
1412 561 1515 605 355.

42 615 202 659 Reisk.
234 612 791 673 ikaovrs'ocovv'Axaowl
818 619 872 673 τῇ
897 617 1066 674 Ἀθηνᾷ
1094 615 1326 675 τῇἾλιάὸί.
1386 615 1514 659 Nou-

41 686 126 713 nus
154 671 347 727 Dionys.
390 669 444 712 L.
476 668 619 713 XIII.
654 685 704 768 p.
737 672 838 716 382.
877 687 916 716 V.
950 676 993 717 9.
1034 673 1272 732 ἱλαστ)]()ια
1297 675 1512 730 Γοργοῦς.

42 728 194 771 Schol.
212 728 429 783 Apollon.
448 725 596 769 Rhod.
625 726 649 767 1
673 727 693 778 ’,
721 727 822 771 487.
853 726 1161 784 ἕξιλαστήρια,
1188 731 1376 784 piacula.
1437 729 1510 771 Si-

40 784 186 836 milia,
225 788 275 825 ut
299 781 354 824 τὰ
378 780 648 838 χαριστήρια
675 784 936 839 (sacrificia,
980 785 1138 841 quibus
1170 787 1336 840 gratias
1368 787 1512 843 agas),

39 838 95 882 τὰ
115 835 314 896 σωτήρια
343 839 581 896 (sacrificia
611 853 691 896 pro
710 841 876 896 salute)
906 839 1037 882 θύειν
1064 847 1163 897 pete
1195 859 1216 884 e
1235 842 1341 886 Bos.
1360 844 1513 901 ellipS.

38 911 85 955 p.
107 897 204 939 191.
224 911 292 952 sq.
314 895 508 950 Selenes..
565 895 791 939 Christum
813 902 956 939 autem
979 897 1023 938 in
1043 897 1102 940 N.
1125 898 1181 941 T.
1205 899 1373 941 hostiae
1396 899 1513 942 assi-

39 953 192 995 milari
209 952 332 1009 (Joh.
356 956 402 1006 1,
420 952 491 997 29.
520 951 660 996 Hehr.
683 955 734 1007 9,
757 955 828 998 14.
862 956 886 996 1
910 952 1032 998 Petr.
1057 957 1103 1008 1,
1125 956 1194 998 19.
1234 954 1346 1012 Eph.
1371 958 1423 1010 5,
1445 957 1514 1011 2.)

40 1011 88 1053 in
126 1010 288 1066 vulgus
325 1014 512 1053 constat.
580 1008 825 1065 προέθετο]
865 1011 923 1054 L.
956 1011 1057 1055 Bos.
1072 1044 1083 1064 ‚
1132 1011 1282 1064 Mor„
1333 1013 1492 1056 Krebs.

41 1067 207 1120 Elath,
244 1066 404 1110 Rueck.
434 1067 494 1111 al.
524 1067 785 1124 explanant:
834 1082 956 1125 quemv
992 1068 1212 1121 publice
1248 1046 1511 1122 3¹11thani

41 1123 159 1166 dum
185 1124 484 1179 proposuit
525 1125 599 1179 [cf.
627 1123 830 1181 Thucyd.
860 1125 912 1178 2,
941 1125 1014 1168 34.
1043 1125 1098 1167 τὰ
1123 1125 1202 1177 μὲν
1228 1121 1336 1166 ὀστᾶ
1366 1141 1513 1182 προ-

41 1179 300 1222 τίθενται
327 1180 413 1222 τῶν
439 1176 794 1235 ἀπογενομένων,
842 1182 1063 1237 πρότριτα
1103 1179 1260 1237 σκηνὴν
1287 1180 1513 1237 ποιήσαν-

39 1251 114 1286 τες
133 1239 228 1291 —.]
255 1236 478 1290 piaculare
508 1235 768 1291 sacrificium
806 1251 879 1295 np.
909 1238 1071 1295 partim
1106 1252 1178 1290 re,
1217 1251 1348 1294 quum
1379 1237 1510 1281 Chri-

40 1296 158 1334 stum
177 1293 322 1350 palam
341 1293 527 1337 hostiam
548 1294 767 1336 immolari
795 1300 1043 1352 pateretur,
1075 1295 1235 1351 partim
1265 1294 1512 1337 institutio-

40 1363 122 1403 ne,
154 1364 286 1406 quum
317 1350 514 1392 homines
545 1350 625 1392 hac
649 1365 729 1408 per
744 1350 990 1408 Apostolos
1021 1352 1222 1409 opinione
1248 1351 1511 1394 imbuendos

39 1411 238 1460 curaret,
270 1406 495 1451 Christum
523 1421 603 1449 suo
627 1409 844 1465 supplicio
873 1409 1058 1450 humana
1081 1412 1258 1465 peccata
1285 1409 1512 1465 expiasse.

40 1461 134 1506 Sed
163 1478 295 1520 quum
322 1464 573 1522 primariam
601 1465 687 1507 vim
716 1467 761 1506 in
784 1479 824 1509 v.
845 1465 1072 1519 προέθετο
1092 1465 1220 1506 sitam
1238 1479 1336 1506 esse
1358 1479 1381 1506 e
1405 1464 1510 1506 sede

73 1535 170 1562 uam
192 1525 374 1576 occupat
401 1522 683 1577 perspicuum
714 1522 796 1572 sit,
826 1521 869 1563 h.
889 1522 921 1564 l.
944 1521 1116 1575 insigne
1137 1521 1382 1562 sententiae
1401 1535 1514 1577 pon-

40 1534 124 1619 iius
145 1576 218 1619 vix
239 1577 284 1618 in
307 1592 356 1619 eo
377 1591 474 1618 esse
494 1581 665 1633 potest,
697 1576 812 1633 quod
833 1577 960 1622 Deus
980 1579 1253 1633 spectandum
1277 1592 1510 1632 proposue-

37 1634 101 1677 rit
127 1631 352 1676 Christum
380 1633 604 1690 piaculare
634 1633 895 1675 sacrificinm
924 1633 967 1676 h.
996 1647 1034 1676 e.
1066 1632 1186 1689 quod
1208 1633 1429 1685 effecerit,
1460 1637 1509 1675 ut

38 1689 267 1734 Christum
285 1690 554 1748 piacularem
574 1689 794 1732 victimam
812 1704 909 1732 esse
938 1689 1136 1732 homines
1156 1691 1332 1733 scirent.
1391 1689 1512 1745 Quin

40 1748 302 1789 sententiam
322 1748 447 1789 unice
477 1747 609 1802 erigit
625 1746 818 1799 Elsneri,
847 1747 1030 1799 Reum„
1061 1746 1206 1801 Kopp.
1239 1747 1294 1788 al.
1326 1759 1509 1788 enarra-

39 1804 128 1856 tio,
160 1804 235 1860 qui
257 1802 567 1859 προτίθεσθαι
588 1804 702 1859 apud
717 1818 773 1845 ‘se
794 1803 1072 1855 constituere,
1103 1803 1328 1846 decernere
1355 1803 1508 1858 (Rom.

39 1861 90 1913 l,
109 1860 179 1903 13.
209 1860 323 1917 Eph.
346 1861 370 1902 l
384 1893 395 1914 ‚
414 1861 480 1916 9.)
499 1864 736 1919 exponunt.
794 1859 980 1901 Frustra
999 1861 1050 1902 de
1071 1860 1277 1912 Ammon„
1306 1859 1413 1901 hanc
1435 1874 1508 1902 ra-

38 1919 201 1960 tionem
223 1916 436 1976 adjectum
459 1911 572 1959 εἶναι
590 1917 792 1972 flagitare
822 1910 892 1971 (ὃν
911 1914 1137 1972 προέθετο
1170 1911 1192 1956 ὃ
1214 1914 1325 1964 θεὸς
1354 1911 1505 1958 εἶναι

39 1970 173 2016 αὐτὸ
186 1989 209 2014 ν
225 1968 486 2030 ἱλαστήριον
504 1990 540 2014 u.
554 1989 593 2016 τ.
607 1974 645 2014 λ.
676 1973 790 2029 Eph.
812 1974 852 2025 1,
870 1972 951 2027 4.),
970 1986 1080 2028 quae
1097 1972 1294 2026 vulgaris
1316 1976 1510 2014 structu-

0 2080 1 2083 *
40 2045 89 2073 ra
108 2029 292 2081 fuisset,
322 2029 580 2083 contendit„
622 2028 690 2072 Cf.
711 2030 839 2072 Rom.
859 2029 907 2081 8,
928 2030 998 2071 29.
1042 2028 1151 2071 Eur.
1171 2029 1275 2085 Jph.
1297 2027 1356 2072 T.
1380 2029 1510 2073 1192.

0 2095 1 2099 ’
39 2111 97 2120 —--
126 2083 180 2127 τά
201 2084 234 2127 τ’
257 2084 369 2128 ἄλλα
399 2086 518 2141 (scil.
540 2081 651 2141 δρῶ)
683 2084 767 2127 ὅσα
794 2088 798 2139 1
836 2082 1098 2140 προύθέμην
1127 2084 1210 2141 ἐγὼ
1240 2082 1404 2135 ξένοισι
1435 2086 1511 2126 καὶ

38 2144 131 2198 θεᾷ
163 2141 406 2198 καθάρσια.
476 2141 636 2199 Neque
675 2141 837 2184 rectius
866 2141 1025 2185 Rueck.
1066 2141 1146 2183 hoc
1187 2141 1398 2194 obvertit,
1437 2140 1511 2195 agi

40 2199 86 2244 h.
105 2200 138 2243 l.
167 2213 252 2241 non
283 2198 457 2255 quidem
488 2199 540 2241 de
571 2213 642 2251 re,
673 2214 800 2255 quam
821 2198 947 2240 Deus
979 2198 1076 2239 fieri
1104 2198 1304 2250 voluerit,
1344 2196 1421 2239 sed
1452 2197 1508 2239 de

40 2255 316 2313 expiatione,
347 2271 457 2312 quae
474 2255 724 2298 hominihus
742 2270 822 2313 per
839 2255 1064 2298 Christum
1082 2269 1130 2296 re
1149 2255 1249 2296 vera
1271 2254 1511 2309 eontiyerit.

42 2312 181 2371 Cujus
209 2312 467 2370 objectionis
490 2314 599 2366 vim,
631 2313 669 2353 si
699 2311 825 2354 modo
855 2313 989 2353 ullam
1009 2311 1215 2364 haberet,
1243 2311 1305 2351 ita
1329 2308 1510 2351 eludere

40 2383 220 2427 posses,
257 2363 308 2412 ht
345 2368 569 2425 προέθετο
602 2367 1030 2426 Plusquamperfecti
1067 2371 1288 2426 potestate
1326 2380 1511 2424 caperes

41 2440 137 2468 cum
155 2426 433 2469 Heumanno:
461 2441 582 2483 quem
611 2427 998 2468 destinaverat
1027 2425 1149 2467 Deus
1169 2424 1386 2466 victimam
1408 2424 1510 2477 ,υἱιι-

41 2483 246 2525 cularem.
313 2481 403 2525 Sed
439 2482 518 2524 hoc
553 2497 638 2525 non
668 2497 779 2540 opus
817 2485 900 2525 est.
967 2480 1148 2523 Scilicet
1187 2484 1419 2536 postquam
1448 2478 1506 2524 P.

41 2539 267 2590 Christum
285 2539 481 2581 homines
501 2553 527 2581 a
546 2545 823 2597 peccatorum
845 2538 1000 2596 poenis
1018 2537 1247 2580 redemisse
1275 2536 1385 2578 satis
1406 2550 1508 2592 per-

40 2596 192 2653 spicue
209 2595 380 2637 dixerat
398 2610 437 2639 v.
458 2596 555 2650 24„
585 2601 685 2654 apte
706 2610 746 2640 v,
770 2596 840 2638 25.
861 2596 932 2637 265.
947 2626 959 2647 ,
989 2608 1081 2635 rem
1109 2593 1250 2647 magis
1279 2593 1508 2650 expositu-

39 2667 144 2706 rus,
183 2651 387 2709 quidnam
411 2651 543 2694 'Deus
573 2658 786 2709 sequutus
819 2652 1046 2695 Christum
1083 2650 1304 2706 piaculare
1338 2651 1509 2692 sacrifi-

11 2710 14 2718 '
40 2709 155 2751 cium
174 2724 262 2752 esse
281 2709 479 2751 voluisset
502 2709 730 2767 explicuit.
787 2709 937 2750 Acute
958 2707 1096 2760 igitur
1124 2706 1348 2762 προέθετο
1380 2705 1437 2748 ad
1462 2720 1508 2749 v.

13 2794 16 2797 s
41 2767 170 2810 v.24.
204 2763 279 2806 διὰ
307 2766 385 2823 τῆς
411 2763 543 2808 ἁπολ.
571 2767 648 2821 τῆς
676 2765 733 2807 ἐν.
757 2766 814 2805 Χ.
832 2761 877 2805 Ἰ.
913 2763 1010 2806 scil.
1042 2760 1343 2818 γενομένης
1370 2763 1510 2805 refer·-

42 2826 137 2866 tur:
177 2822 382 2866 Omnibus
411 2822 494 2864 div.
523 2822 650 2878 favor
675 2822 867 2876 yrcttm'to
884 2820 970 2862 Dei
1001 2817 1198 2872 beneficio
1224 2818 1402 2874 obte‘nyit
1432 2831 1511 2873 per

15 2872 341 2922 ‘redemtionem
381 2878 435 2920 ab
463 2878 566 2920 Jesu
596 2878 694 2923 Chr.
734 2878 975 2933 saetam,
1015 2889 1146 2976 &giem
1180 2889 1297 2918 esse
1335 2875 1512 2917 voluit

87 2935 277 2971 Fritzsche
295 2936 359 2982 Ep.
378 2936 434 2971 ad.
453 2935 560 2971 Rom.
