1752 3347
215 119 301 164 358
497 116 882 161 Eris'rom
918 117 1020 160 An
1051 118 1418 165 stomAmos
1736 87 1752 150 v²⁴

219 237 363 280 neque
386 222 580 266 obtineri
601 228 764 281 potest,
795 224 883 266 nisi
905 225 1113 266 nonnulla
1133 225 1170 269 l.
1185 226 1459 283 perverteris
1478 229 1709 284 (murra),

219 284 265 323 et
292 281 406 323 male
435 282 686 324 conclusam
718 281 1065 338 disputationem
1095 279 1305 327 inducit..2
1356 282 1531 342 Nempe
1562 289 1707 342 posita

219 351 262 380 v.
286 336 324 380 Ι.
359 336 548 396 objectio
578 353 665 380 non
697 353 747 380 eo
777 339 1026 391 refellitur,
1076 340 1191 396 quod
1212 341 1328 382 vires
1353 341 1480 382 nobis
1501 341 1709 385 Christus
1749 370 1752 382 .

219 394 458 448 inseverit,
499 395 659 452 quihus
691 395 895 438 dedecori
926 397 1145 439 obsistere
1175 397 1427 454 virtuteque
1459 397 1710 441 Deum-‚co-

219 452 314 494 lere
336 453 561 510 possimus
586 468 626 495 v.
647 454 690 496 2.
707 455 870 506 —ll.‚
903 456 1109 510 quoniam
1135 454 1453 512 turpitudinem
1486 456 1611 498 nobis
1633 455 1708 498 de-

219 509 464 566 ponendam
496 510 740 567 virtutique
763 525 941 568 operam
961 511 1148 553 dandam
1174 527 1272 554 esse
1294 512 1394 555 inde
1412 519 1710 569 consequatur

220 580 261 609 v.
288 568 356 609 12.
379 568 466 611 13..
541 566 874 610 Possunt·enim
906 568 1011 610 haec
1035 569 1090 610 ab
1118 569 1316 626 improbo
1352 570 1525 612 homine
1555 570 1710 612 obten-

221 621 291 668 di:
344 625 444 666 illas
473 638 495 665 a
520 622 701 668 Christo
732 624 1188 682 suppeditatas-vires
1218 627 1261 668 in
1288 627 1403 669 vitae
1428 628 1707 669 sanctitatem

219 680 513 723 conferendas
534 696 634 724 esse
652 687 745 724 tum
767 683 937 724 denium
959 683 1280 725 concedendum
1301 691 1369 726 est
1383 718 1394 737 ,
1426 699 1556 740 quim!
1580 684 1709 728 Chri-

221 737 383 780 stianis
411 739 532 781 nefas
555 754 656 781 esse
680 740 722 780 in
747 741 861 782 male
880 740 1051 794 agendo
1072 756 1284 798 pergere,
1332 748 1380 782 ut
1404 735 1499 785 ’(Ιίν.
1517 743 1708 783 clemen·-

223 794 332 836 tiam
353 796 573 839 illustrem
605 796 816 848 reddant,
857 796 1206 839 demonstratum
1229 799 1305 839 sit.
1378 796 1573 844 Possunt:
1592 799 1708 840 enim

220 851 329 894 illae
361 852 533 896 Christi
569 853 697 896 dotes
725 859 769 896 et
796 855 952 896 intima
987 870 1099 910 quae
1127 855 1255 896 nobis
1291 869 1387 896 eum
1427 856 1709 898 sanctissimo

222 908 318 951 viro
353 912 542 953 societas
584 916 654 953 est
690 911 800 952 hanc
827 911 912 953 vim
943 912 1130 963 habere,
1187 916 1237 952 ut
1272 911 1392 953 vitae
1436 912 1709 961 honestatem

221 970 456 1023 appetant,
493 968 569 1024 qni
594 968 680 1009 Dei
702 969 858 1010 honori
884 969 1027 1009 minus
1049 969 1296 1010 consultum
1323 969 1571 1020 voluerint,
1610 984 1709 1027 pee-

222 1024 334 1066 catis
366 1024 648 1079 indulgeant,
687 1026 762 1081 qui
788 1026 881 1067 Deo
914 1025 1476 1078 gratificaridecreverint.
1526 1026 1713 1070 'Contra

223 1080 414 1139 obJectio
437 1097 477 1126 v.
503 1085 542 1125 1.
576 1081 856 1140 exploditur,
895 1083 933 1122 si
970 1082 1019 1126 Ι).
1043 1082 1292 1126 Christiani
1321 1084 1543 1125 notionem
1565 1084 1713 1139 homi·-

222 1137 293 1179 nis
309 1171 321 1192 ,
356 1140 433 1196 qui
452 1138 653 1197 perditos
676 1154 820 1181 mores
843 1140 988 1182 valere
1000 1140 1217 1200 jusserit,
1248 1141 1515 1195 cogitatione
1537 1141 1715 1183 absolvi

223 1209 247 1237 e
266 1210 418 1239 sacrae
437 1197 623 1238 lotionis
643 1197 685 1239 vi
708 1197 752 1240 h.
772 1198 805 1239 1.
827 1195 971 1240 docet.
1031 1197 1149 1239 Hine
1170 1197 1283 1239 enim
1305 1198 1498 1239 eflicitur
1517 1198 1711 1240 hominis

221 1252 379 1298 christ.
410 1254 635 1310 ingenium
666 1267 852 1306 exuere,
900 1255 974 1310 qui
1006 1256 1131 1296 sacra
1163 1255 1332 1297 lotione
1368 1255 1571 1297 initiatus
1602 1270 1712 1313 qno-

220 1323 392 1368 cunque
415 1316 649 1368 praetextu
672 1315 852 1368 peccata
875 1312 961 1353 sibi
984 1312 1227 1367 indulgeat.
1632 1330 1636 1334 ’

338 1367 398 1411 V.
418 1369 461 1411 3.
505 1368 754 1411 Constituit
782 1383 896 1410 nunc
922 1368 973 1413 P.
990 1402 1001 1421 ,
1043 1373 1119 1427 qui
1145 1369 1278 1411 vitam
1302 1369 1495 1425 peccatis
1518 1367 1709 1411 dicatam
1743 1412 1752 1433 ⁴

218 1425 490 1480 posuerimus
519 1427 581 1482 (v.
603 1426 647 1468 2.
679 1421 1051 1479 ἀπεθάνομεν
1079 1428 1132 1483 τῇ
1152 1421 1250 1480 ἅμ.)
1277 1425 1470 1483 dicitque
1493 1427 1710 1468 neminem
1746 1455 1752 1487 1

221 1482 431 1537 ignorare
453 1483 658 1540 suscepta
680 1484 805 1525 sacra
829 1484 996 1526 lotione
1017 1484 1061 1525 id
1083 1498 1107 1525 a
1131 1484 1259 1525 nobis
1280 1484 1447 1540 filetum
1467 1499 1572 1535 esse,
1595 1497 1708 1540 quae
1748 1493 1752 1525 1

221 1553 354 1594 quum
389 1540 635 1581 illationem
663 1539 825 1581 mortui
863 1540 906 1581 in
942 1542 1192 1598 sepulcrum
1227 1555 1305 1597 per
1336 1541 1544 1594 ambages
1565 1540 1706 1595 signi·
1749 1553 1752 1566 ⁴

221 1596 324 1638 ficet
360 1601 579 1638 mortuum
612 1596 956 1638 existimandum
991 1613 1087 1639 esse
1111 1598 1186 1639 illa
1213 1598 1377 1638 lotione
1401 1598 1622 1639 initiatum
1645 1598 1710 1638 fa·
1746 1595 1752 1603 '

222 1652 306 1695 cile
327 1653 538 1709 intelligi.
615 1653 853 1695 Formulae
889 1650 912 1709 ἢ
942 1653 1158 1710 ἀγνοεῖτε,
1191 1655 1261 1695 ὅτι
1284 1670 1363 1705 —3
1395 1657 1456 1709 (7,
1483 1657 1546 1709 l.)
1582 1651 1709 1710 ἢούκ
1748 1694 1752 1695 ⁷

223 1705 398 1760 οἴδατε,
440 1708 511 1753 ὅτι
530 1725 607 1762 -;
646 1713 694 1764 (1
717 1708 820 1754 Cor.
841 1712 882 1759 6,
912 1712 954 1754 2.
984 1714 1027 1754 9.
1063 1714 1129 1753 lo.
1156 1712 1223 1754 19.
1261 1711 1391 1754 Rom.
1415 1712 1590 1765 ll,2.),
1629 1707 1709 1752 miz
1749 1722 1752 1725 ’

225 1762 397 1816 οἴδατε,
433 1767 505 1809 ὅτι
527 1782 607 1818 -;
645 1770 706 1822 (v.
731 1769 800 1810 16.
834 1770 854 1808 l
878 1768 981 1812 Cor.
1001 1771 1043 1820 6,
1068 1770 1134 1810 15.
1163 1770 1205 1818 9,
1224 1768 1320 1818 24.)
1350 1783 1439 1809 rem
1472 1770 1515 1810 in
1547 1768 1708 1818 vulgus
1748 1798 1752 1806 .

222 1829 370 1865 notam
399 1829 443 1866 et
469 1839 597 1879 quam
631 1824 803 1865 nescire
826 1829 956 1880 turpe
977 1826 1036 1866 sit
1057 1825 1206 1865 all'erri
1233 1824 1443 1867 indicant.
1503 1823 1568 1874 εἷς
1590 1827 1710 1878 λ’ρι·
1744 1827 1752 1855 ·”

224 1878 328 1922 στὸν
346 1877 534 1937 Ἰηροῦν]
567 1879 843 1937 Frequentat
876 1880 926 1922 P.
958 1881 1158 1934 Χριστὸς
1180 1877 1350 1935 Ἰησοῦς
1389 1883 1450 1935 (ν.
1479 1895 1521 1925 v.
1544 1882 1613 1922 11.
1636 1880 1709 1924 23.

225 1939 251 1979 1
271 1935 375 1981 Cor.
400 1940 440 1991 l,
459 1938 502 1980 2.
524 1937 569 1980 4.
588 1937 659 1980 30.
695 1937 796 1979 Gal.
815 1938 856 1990 3,
881 1938 951 1980 14.
986 1939 1009 1978 l
1035 1936 1202 1980 Thess.
1221 1938 1263 1986 2,
1290 1937 1358 1981 14.
1380 1938 1477 1991 aL).
1551 1935 1641 1979 Sed
1664 1937 1710 1981 h.

221 1995 256 2038 l.
271 1991 439 2051 Ἰησοῦν
462 1995 568 2036 mihi
587 1998 840 2051 suspectum
862 2000 946 2038 est.
1006 1993 1122 2036 Nam
1148 1994 1358 2036 omittunt
1374 1992 1542 2050 Ἰησοῦν
1562 1994 1615 2037 Β.
1637 1995 1709 2038 31.

222 2053 294 2095 39.
326 2051 407 2096 Mt.
427 2052 470 2095 h.
493 2052 538 2095 k.
563 2067 606 2108 q.
649 2052 812 2108 (ΗΠ-γε.
844 2053 929 2103 al.;
969 2052 1224 2109 transponit
1248 2052 1320 2095 80.
1346 2049 1559 2107 Ἰησοῦν
1592 2054 1711 2107 Χρι-

221 2105 339 2151 στόν.
420 2107 660 2152 Praeterea
700 2107 765 2158 εἰς
792 2106 991 2164 Χριστόν
1030 2107 1335 2151 commendant
1372 2123 1412 2152 ν.
1440 2108 1484 2152 4.
1511 2105 1743 2164 Χριστόςῖ

222 2180 264 2210 v.
283 2166 327 2210 8.
351 2165 429 2209 σὺν
449 2169 635 2223 Χριστῷ
660 2170 703 2208 et
723 2181 764 2210 v.
785 2167 828 2209 9.
853 2165 1070 2219 λ’ρισῑιῖς.
1137 2167 1287 2222 Quare
1311 2163 1482 2221 Ἰησοῦν
1499 2165 1710 2207 cancellis
1734 2214 1739 2221 ,

221 2223 568 2282 circumscripsi.
629 2222 718 2265 Sed
743 2224 854 2265 male
872 2223 954 2267 Mt.
980 2224 1022 2266 h.
1044 2224 1089 2267 k.
1112 2225 1156 2267 8.
1179 2225 1403 2266 invertunt
1421 2220 1488 2271 εἷς
1512 2218 1712 2278 Χρισιὸν
1739 2193 1752 2324 1

222 2279 576 2338 ἐβαπτίσθημεν.
642 2279 801 2337 Neque
827 2282 940 2323 enim
964 2282 1221 2338 primarium
1245 2279 1417 2338 pondus
1443 2293 1482 2321 v.
1504 2277 1569 2328 εἷς
1589 2281 1711 2334 λ’ρι-
1732 2284 1737 2288 “

223 2333 328 2380 στόν
349 2338 536 2392 hahent,
565 2343 614 2380 ut
641 2337 735 2395 Ap.
772 2338 991 2380 Christo
1022 2342 1129 2394 (non
1153 2339 1254 2390 alii)
1276 2337 1541 2394 baptismate
1561 2336 1711 2378 initia·
1739 2333 1745 2339 ⁶

223 2399 293 2438 tos
321 2394 418 2452 ejus
439 2396 590 2449 morri,
632 2410 761 2453 quam
792 2411 923 2452 quum
945 2396 1248 2438 lustrarentnr
1279 2395 1519 2446 adiissent,
1562 2393 1710 2435 initia-

224 2456 295 2494 tos
333 2468 433 2496 esse
472 2452 664 2505 dixerit,
707 2451 782 2494 sed
819 2467 910 2495 voc.
945 2451 1299 2508 gfffcrrrr1'‹5.‘»¹3uer.
1375 2449 1707 2493 ostendendum
1749 2463 1752 2485 ⁴

223 2510 336 2551 enim
368 2515 461 2561 est,
509 2511 706 2552 hominos
738 2510 893 2553 christ.
923 2525 973 2551 ex
1005 2510 1093 2552 vita
1129 2510 1323 2567 peccatis
1348 2508 1492 2551 dicata
1523 2514 1613 2549 tum
1633 2520 1707 2549 ex-
1749 2510 1752 2516 “

222 2567 414 2610 cessisse
443 2583 575 2624 quum
608 2567 962 2623 baptizm·entou·:
1018 2583 1041 2608 a
1072 2567 1188 2620 vita,
1237 2568 1444 2623 inquam,
1486 2563 1707 2622 nequitiae

224 2627 479 2667 consecrata
510 2625 798 2667 discessimus
841 2628 901 2677 (ν.
923 2625 1004 2674 2.).
1083 2625 1158 2666 An
1203 2624 1447 2679 ignoratis,
1494 2627 1708 2679 quotquot

224 2679 497 2737 baptismo
528 2681 693 2725 initiate·
720 2681 858 2723 simus
885 2680 1090 2734 Christo,
1131 2682 1227 2739 ejus
1264 2682 1419 2733 morti,
1461 2693 1588 2736 quam
1615 2686 1707 2718 tum

223 2737 580 2794 occubuerimus,
619 2739 887 2807 baptismate
907 2739 1109 2781 initiatos
1130 2733 1262 2782 esse?
1295 2740 1323 2782 i.
1347 2753 1390 2795 q.
1413 2734 1610 2795 quemvis
1631 2748 1708 2776 no-
1740 2757 1744 2766 ·

227 2794 368 2838 strum
408 2810 537 2853 quam
588 2795 684 2840 dixi
735 2801 918 2840 mortem
967 2802 1173 2855 suscepto
1220 2797 1432 2852 baptismo
1466 2770 1752 3006 oppetiisse]
