1752 3347
581 132 665 176 (ΧΑ
683 130 734 176 P.
770 132 829 176 V.
872 129 966 174 Vs.
1000 131 1094 175 13..
1485 128 1568 170 311

105 238 263 281 tionem
287 252 368 280 non
390 240 572 294 habens)
599 240 760 282 lactum
779 244 848 282 est
871 253 911 282 v.
932 236 1104 293 ἀλογεῖν
1123 238 1230 293 (i.q.
1250 230 1410 289 ἄλογον
1431 228 1564 289 εἶναι)

103 296 169 338 rei
184 295 397 339 rationem
415 311 498 338 non
523 296 703 341 habere.
735 297 799 338 sic
829 295 885 338 ab
912 296 1088 350 ἕλλογος
1117 293 1417 350 (computando
1443 305 1563 333 occu-

101 354 254 405 patam,
280 353 517 395 rationibus
541 353 703 410 aliquid
720 352 930 410 inferens)
957 351 1133 393 ductum
1154 355 1224 392 est
1243 363 1334 405 voc.
1358 347 1562 401 ἐλλογεῖν,

101 407 337 450 rationibus
368 409 555 465 inferre,
585 410 818 464 imputare,
857 408 973 465 quod
1004 408 1190 451 Philcm.
1220 421 1261 449 v.
1283 406 1350 448 18.
1379 406 1559 457 legitur,

100 462 180 505 uhi.
196 463 411 518 imputare
440 466 588 506 valere
606 470 809 506 contexta
841 467 982 507 oratio
1012 464 1154 507 docet.
1213 462 1290 505 Ad
1318 461 1429 503 hune
1450 464 1481 505 l.
1515 466 1560 503 ct

97 518 313 574 Hesychii
342 520 492 572 glossa
520 522 712 576 pertinet
740 519 932 576 ἑλλόγει·
976 517 1316 573 καταλόγησαι,
1365 520 1440 559 ubi
1463 519 1558 576 jam

97 574 258 618 dudum
292 574 400 618 VV.
425 575 534 618 DI).
564 574 782 630 καταλόγι
795 591 872 618 σαι
907 576 1218 627 emendarunt,
1265 580 1310 616 ct
1340 575 1561 626 Zonarae,

94 645 225 689 quam
246 630 460 674 Scmeusn.
491 632 534 674 in
554 631 668 675 Lex.
690 632 823 676 NT.
853 636 1022 676 attulit.
1087 632 1290 675 Ceterum
1321 632 1414 688 Ap.
1444 631 1557 672 illud

94 702 135 731 v.
154 701 340 730 novasse
371 702 456 729 non
482 692 551 730 est
580 689 928 742 existimandus,
955 690 1189 731 multorum
1218 703 1324 741 usu,
1361 692 1409 730 ut
1439 686 1559 728 vidc—

92 749 190 798 tur,
217 744 329 786 satis
360 746 533 790 tritum.
603 746 735 789 Certe
765 746 914 800 glossa
942 761 968 787 a
999 745 1224 787 ll'etsicnio
1253 745 1389 787 allata
1415 745 1556 799 impu-

91 805 186 854 tat,
208 798 211 806 '
237 799 480 857 ἐλλογεῖ,
532 799 816 846 κατατάσσει.
857 802 913 845 ad
949 808 1153 845 neutrum
1193 800 1247 845 P.
1285 803 1319 844 l.
1367 805 1557 859 spectat.

89 854 332 900 Praeterea
354 854 625 915 ἀντελλογεῖν
649 860 855 916 (vicissim
876 859 1118 903 rationibus
1146 858 1334 914 inferre,
1360 873 1557 914 compen-

88 916 210 970 sare)
239 930 263 957 e
282 913 434 958 Marco
453 915 599 960 Erem.
619 931 664 974 p.
681 917 753 960 50.
784 918 934 973 (quem
951 916 1152 959 conferre
1171 929 1256 957 non
1279 915 1427 972 potui)
1454 929 1556 972 pro-

85 971 239 1013 ferunt
257 976 302 1013 et
319 986 574 1027 graecorum
590 973 992 1032 jureconsultorum
1021 973 1283 1025 ἅντέλλογος
1308 986 1558 1027 compensa-

85 1028 148 1071 tio
176 1031 238 1083 (ur.
257 1029 440 1073 Gasaub.
471 1030 526 1072 ad
547 1029 672 1075 Suet.
695 1030 787 1075 Jul.
806 1032 935 1075 Caes.
963 1046 1000 1075 c.
1023 1031 1136 1084 47.).
1191 1027 1425 1070 Postremo
1454 1029 1556 1071 Sal·

86 1087 250 1128 musices
276 1085 404 1129 valde
434 1087 657 1145 probabili
676 1087 923 1145 conjectura
945 1087 1137 1142 ἑλλογεῖν
1162 1085 1322 1128 tribuit
1342 1084 1556 1128 Phoenici

85 1141 363 1200 Colophonio
391 1158 462 1202 ap.
482 1145 650 1189 Athen.
671 1144 786 1189 ΧΠ.
817 1160 862 1203 p.
883 1147 983 1189 530.
1013 1144 1066 1189 F.
1097 1141 1196 1199 (ΙΙ,
1227 1142 1354 1186 1186.
1379 1143 1555 1196 Πὶηιί.),

82 1208 217 1254 quum
240 1214 321 1257 pro
353 1198 415 1242 οὐ
445 1202 744 1256 λεωλογεῖν
771 1199 977 1255 ἐμάνθαν’
997 1201 1134 1244 scribi
1161 1200 1297 1242 vellet
1325 1196 1425 1241 οὐκ
1456 1197 1552 1240 ἐλ-

84 1255 111 1296 λ
124 1259 277 1311 ογεῖν
307 1255 513 1310 ἐμάνθαν’
528 1290 539 1307 ,
572 1273 755 1315 quocum
773 1258 874 1315 sqq}
889 1274 931 1303 v.
954 1257 1031 1301 οὐκ
1047 1256 1304 1313 ἀμιθρῆσαι
1323 1255 1554 1313 praeclare

80 1318 354 1367 congruunt,
390 1319 439 1356 ut
469 1318 672 1356 metricas
702 1316 898 1358 rationes
928 1312 1005 1358 οὐκ
1035 1314 1228 1369 ἐλλογεῖν
1245 1312 1554 1355 commendare

81 1380 136 1410 ne
165 1383 495 1414 commemorem
525 1372 717 1428 q'uidem.
771 1371 1036 1426 ἐλλογεῖται]
1076 1371 1331 1414 Nonnullae
1358 1370 1553 1411 transla-

77 1425 250 1480 tiones,
288 1430 338 1469 ut
356 1428 461 1484 Syr.
483 1428 621 1483 Vulg.
645 1429 831 1481 Boern.‚
865 1428 1107 1481 ἑιέλογεῖτο
1130 1426 1443 1483 Imperfectum
1474 1439 1555 1468 exv

77 1482 294 1539 primunt.
362 1484 528 1526 Eodem
553 1484 738 1526 tendunt
767 1485 838 1528 52.
861 1485 958 1527 108.
990 1484 1185 1539 ἐλογεῖτο
1210 1483 1350 1539 (sic),
1387 1481 1470 1526 Mt.
1490 1497 1553 1527 w-

78 1537 361 1595 λελόγισται,
386 1541 640 1598 Theophyl.
668 1541 712 1581 in
736 1555 877 1595 marg.
897 1539 1116 1594 ε’λλογεΐτο
1137 1540 1268 1594 (sic),
1297 1554 1321 1581 a
1353 1553 1439 1595 quo
1462 1553 1551 1582 non

76 1595 229 1637 differt
248 1598 312 1641 A.
339 1598 586 1654 ἐλλογᾶτο,
625 1597 721 1639 nisi
744 1585 1002 1652 novosquod
1031 1596 1227 1637 continet
1249 1595 1376 1639 vitio.
1431 1594 1550 1638 Nam

76 1654 253 1718 Hetff,
283 1678 468 1721 quarum
485 1663 716 1706 literarum
734 1663 989 1719 persimiles
1015 1661 1172 1704 duetus
1201 1666 1329 1715 sunt,
1357 1674 1383 1702 a
1409 1660 1551 1703 libra-

75 1720 161 1763 riis
191 1720 398 1764 confundi
427 1721 597 1773 solent;
643 1735 685 1770 v.
712 1720 859 1763 Bastia·
889 1718 1131 1763 Comment.
1169 1719 1396 1776 palaeogr.
1433 1731 1550 1775 poue

78 1776 269 1834 Gregor.
300 1776 503 1822 Corinth.
530 1777 599 1821 ed.
620 1777 800 1832 Schaef.
828 1792 872 1834 p.
893 1778 1013 1820 706..
1067 1774 1234 1818 Eodem
1261 1789 1413 1817 errore
1439 1774 1550 1818 Phi-

73 1834 176 1879 lem.
198 1833 354 1879 18.·A.
383 1835 439 1878 G.
463 1831 630 1889 ἐλλόγα
648 1834 812 1875 habent
831 1848 910 1891 pro
935 1829 1140 1887 ε’λλόγει.
1196 1833 1356 1888 Λογᾶν
1386 1837 1456 1874 est
1481 1832 1549 1874 di-

75 1892 240 1933 ctu-rire
265 1891 396 1947 (Luc.
427 1891 613 1948 Lexiph.
644 1905 682 1933 c.
706 1891 820 1944 15.),
856 1889 936 1932 sed
966 1888 1150 1943 ἐλλογᾶν
1174 1901 1259 1930 vox
1300 1888 1423 1929 nulla
1458 1893 1547 1933 est.

74 1946 379 1989 Nihilominus
401 1947 582 1990 Lachm.
605 1945 794 1989 Philem.
819 1947 888 1989 18.
914 1941 1083 1998 ἐλλόγα
1108 1945 1301 2001 recepit,
1330 1949 1380 1986 ut
1399 1946 1424 1986 l
1440 1944 1546 1989 Cor.

72 2005 118 2057 4,
139 2005 210 2046 11.
242 2000 568 2059 γυμνιτεύομεν
592 2008 635 2045 et
664 2003 748 2044 alia
771 2003 878 2044 alibi
901 2001 1146 2043 scribarum
1169 2001 1304 2054 vitia,
1336 2015 1448 2058 quae
1467 2015 1544 2043 ne-

71 2060 235 2103 minem
264 2060 395 2102 facile
420 2058 658 2116 decipiant.
722 2060 847 2102 Fieri
876 2063 1049 2117 potest,
1092 2062 1143 2099 ut
1167 2057 1332 2114 aliquis
1365 2072 1544 2115 praece-

73 2116 206 2160 dente
231 2131 273 2161 V.
303 2111 354 2173 ἦν
381 2116 428 2158 in
458 2116 656 2158 fraudem
683 2116 889 2159 inductus
918 2115 1159 2170 ἐνελογεῖτο
1186 2129 1267 2172 pro
1297 2114 1545 2170 ἐλλογεῖται

73 2178 150 2216 aut
172 2187 254 2232 per
279 2172 556 2216 oscitantiam
577 2175 851 2226 exaraverit,
876 2177 952 2215 aut
978 2178 1142 2214 temere
1171 2170 1435 2224 correxerit3
1464 2170 1544 2213 sed

73 2229 313 2287 ἓνελογεῖτο
330 2230 674 2272 translationum
700 2237 903 2273 auctores
931 2229 1089 2271 sumtis
1115 2229 1408 2286 interpretum
1437 2242 1541 2285 par-

71 2286 193 2330 tibus
213 2286 482 2341 reddidisse,
505 2287 550 2328 in
571 2286 680 2331 Cdd.
701 2292 845 2330 autem
874 2303 927 2329 ex
958 2285 1249 2342 interpretum
1278 2290 1541 2327 commenta·-

72 2344 428 2387 riis‘insinuasse
447 2345 582 2386 multo
606 2349 674 2386 est
692 2345 999 2387 verisimilius.
1057 2343 1219 2399 Chrys.
1241 2347 1285 2384 ct
1306 2340 1438 2386 Phot.
1464 2356 1537 2400 ap.

73 2401 182 2444 Oec.
207 2402 361 2456 legunt
385 2401 458 2443 illi
489 2401 664 2458 quidem
695 2401 960 2456 ἐλλογεῖ-ται,
1000 2399 1078 2442 sed
1105 2404 1251 2442 tamen
1275 2414 1407 2456 quum
1437 2412 1537 2441 sen-

71 2458 254 2513 tentiam
283 2464 507 2515 exponunt
533 2459 612 2500 ille
628 2457 864 2500 identidem
900 2456 1157 2512 ἑλλόγηται,
1202 2456 1272 2497 hic
1313 2453 1534 2511 ἐλογίζετο

71 2516 214 2575 ponit.
270 2512 442 2571 Nempe
459 2519 631 2558 veteres
653 2515 921 2573 interpretes
948 2514 1110 2570 partim
1136 2527 1177 2556 v.
1211 2516 1331 2555 recte
1356 2513 1533 2554 intelle-

68 2573 154 2615 ctis
181 2570 474 2613 universalem
503 2573 764 2614 sententiam
793 2571 986 2627 ἁμαρτία
1015 2570 1062 2612 δὲ
1091 2595 1145 2600 ——
1173 2568 1310 2623 νόμου
1338 2568 1393 2611 ad
1421 2573 1531 2611 tem·

69 2643 180 2689 pora
209 2629 326 2670 inter
352 2627 574 2671 Adamum
601 2632 645 2671 et
663 2628 816 2670 Mosen
848 2627 1079 2686 interjecta
1106 2626 1167 2668 ita
1193 2627 1531 2678 transtulerunt,

72 2690 123 2729 ut
140 2700 192 2728 nc
211 2690 302 2727 tum
321 2685 486 2742 quidem
500 2691 680 2741 peccata
698 2685 915 2739 imputata
936 2699 1026 2726 esse
1046 2698 1099 2725 ex
1123 2684 1175 2726 eti
1204 2683 1530 2734 concluderent,

72 2742 232 2800 partim
254 2756 385 2798 quum
404 2741 537 2794 νόμος
554 2741 744 2784 secundo
764 2742 796 2784 l.
815 2741 869 2783 de
893 2742 990 2796 lege
1020 2754 1123 2784 mos.
1151 2742 1261 2783 male
1289 2739 1529 2798 explicuis-

74 2804 172 2842 sent
190 2813 328 2856 eoque
347 2802 580 2855 utrumque
602 2798 839 2841 membrum
861 2812 975 2841 nexu
994 2797 1208 2840 contineri
1234 2799 1349 2841 falso
1379 2800 1529 2854 putas-
