1752 3347
231 178 319 222 2⁰4
503 181 882 226 EPISTOLA
914 182 1015 224 AD
1050 181 1413 228 ROMANOS

230 285 435 330 formatio
467 290 491 332 l
520 289 622 332 Cor.
655 290 705 341 l,
735 289 808 333 20.
840 287 920 342 15,
947 288 1017 331 55.
1087 287 1180 332 cie.
1211 287 1265 331 de
1294 288 1376 333 Or.
1408 288 1484 343 ll,
1519 291 1598 344 14,
1626 292 1695 334 59.

231 340 352 397 Quid
383 349 473 399 est,
504 347 672 402 inquit,
701 345 883 399 Catule,
913 343 1103 389 Caesar:
1140 345 1212 388 ubi
1237 350 1339 389 sunt
1366 347 1438 403 qm·
1465 347 1698 390 Antonium

227 412 380 453 yraece
404 407 559 453 nearent
592 398 734 445 scire?
793 402 930 446 Tusc.
952 401 1048 454 lv,
1079 402 1158 453 37,
1177 404 1247 446 79.
1309 402 1529 445 Permulti
1559 403 1696 446 inter-

228 461 378 511 pretes
403 458 683 512 (Theodoret,
717 459 950 515 Theophyl.
969 459 1102 502 schol.
1124 458 1321 512 Matth„
1354 460 1552 512 Erasm„
1579 460 1644 513 Z⁴
1669 491 1698 514 .,

226 511 410 565 fleam„
438 514 587 568 filma,
617 514 775 558 Rueck.
805 518 888 572 al.)
917 531 960 560 v.
988 517 1078 558 ποῦ
1112 510 1189 558 οὗν
1216 512 1241 570 ἦ
1274 512 1508 571 καύχησις;
1540 515 1597 557 ad
1618 474 1698 561 ῖς-

226 567 361 627 daeos
389 569 525 626 dirigi
553 573 800 629 putarunt.'
841 572 895 617 In
924 571 1074 614 eadem
1102 572 1308 630 opinione
1334 573 1368 615 ii
1388 574 1592 624 suerunt,
1621 573 1700 630 qui

225 625 307 680 (Gr.
328 626 470 682 Vulg.
492 629 781 672 Ambrosiast
800 630 883 684 al.)
909 630 1239 688 perspicuitatis
1268 632 1400 672 causa
1427 644 1507 671 σου
1536 636 1638 686 post
1671 625 1697 686 ἧ

226 678 439 739 καύχησις
458 684 748 731 addiderunt:
778 687 853 729 ubi
872 692 940 729 est
971 687 1109 741 igitur
1132 687 1342 745 superbia
1370 693 1446 730 tua
1467 686 1699 742 (judaee).

226 737 506 797 Quamquam
536 748 681 785 autem
708 744 892 786 Judaeos
920 743 1199 801 potissimum
1221 744 1265 785 in
1288 745 1367 786 hoc
1401 757 1556 785 errore
1584 744 1698 785 fnis-

225 809 275 837 se
303 804 501 853 constat,
540 805 589 842 ut
620 815 671 842 eo
701 801 819 858 quod
846 800 1102 843 obedienter
1140 800 1352 843 adversus
1383 801 1530 842 Deum
1559 801 1694 842 fecis-

225 858 324 894 sent
363 853 452 901 div.
493 857 687 899 favorem
729 873 775 900 se
822 863 1039 900 mercatos
1079 873 1176 900 csse
1225 860 1515 915 opinarentur
1562 857 1697 912 (Luc.

225 910 303 962 18,
324 913 394 956 ll.
416 927 486 969 sq.
544 912 656 971 Eph.
679 915 728 968 2,
749 916 838 967 9.)‚
869 920 1015 956 tamen
1040 916 1132 971 Ap.
1158 915 1201 957 h.
1224 915 1257 957 1.
1292 915 1335 955 in
1357 914 1598 955 unio-orsum
1627 912 1696 971 (li-7

222 967 308 1010 ci't:
338 969 413 1011 ubi
433 975 502 1013 est
520 970 659 1024 igitur
685 972 923 1028 (hominum
943 975 1023 1013 sm?
1053 975 1207 1012 vertute
1231 969 1522 1022 insolentium)
1551 972 1694 1012 oratio

220 1022 442 1079 ylariosa?
507 1029 862 1083 Argumentatur
891 1027 1003 1070 enim
1035 1042 1058 1068 e
1087 1041 1153 1070 VS.
1184 1027 1282 1079 26„
1322 1026 1398 1067 ubi
1428 1025 1571 1068 Deum
1602 1026 1693 1068 lto-

221 1081 390 1125 νηὶηεε
414 1083 546 1138 fidem
565 1086 770 1128 habentes
789 1084 903 1140 (sive
925 1083 1145 1135 Judaeos,
1174 1098 1253 1125 seu
1283 1083 1494 1138 gentiles)
1521 1083 1616 1138 (ιὸν
1644 1081 1693 1126 ἐκ

220 1135 430 1193 πίστεως)
447 1141 642 1195 integros
664 1142 889 1184 declarare
918 1139 1218 1184 contenderat.
1273 1139 1464 1198 Adjice,
1496 1139 1613 1196 quod
1647 1140 1693 1182 in

163 1228 167 1232 .
220 1209 262 1238 V.
290 1198 503 1252 proximis
535 1206 627 1240 tum
657 1200 754 1253 lege
782 1196 912 1252 fidem
951 1197 1197 1254 imperante
1237 1197 1693 1255 superbiloquentiam

219 1253 441 1296 exclusam
473 1269 593 1308 csse,
623 1260 716 1297 tum
736 1256 926 1298 homines
954 1247 1220 1310 (ἄνθρωπον
1242 1269 1284 1298 v.
1303 1255 1399 1305 28.)
1429 1253 1512 1299 fide
1539 1254 1692 1297 habita

219 1307 320 1351 Deo
340 1311 520 1367 probari
537 1313 777 1366 §eneratim
800 1310 1037 1354 contendit.
1083 1309 1219 1369 Pejus
1240 1312 1373 1354 ctiam
1388 1310 1539 1365 Pelag.
1553 1345 1565 1364 ,
1585 1310 1693 1356 Seh.

219 1363 433 1411 Schmidt.
465 1369 523 1412 al.
544 1368 595 1411 P.
619 1384 657 1412 v.
678 1370 750 1413 27.
783 1383 878 1412 cum
900 1367 1085 1412 Iudaeis
1109 1369 1376 1426 colloquium
1397 1369 1565 1421 facere,
1595 1369 1692 1426 opi-

217 1428 402 1478 nantur,
434 1425 559 1484 cujus
581 1427 750 1468 nullum
775 1432 843 1468 est
860 1426 904 1467 in
922 1439 963 1468 v.
984 1425 1237 1481 vestigium.
1298 1426 1388 1481 Qui
1417 1424 1497 1481 τὴν
1523 1425 1692 1481 καύχη-

217 1492 289 1522 σιν
312 1481 529 1536 ῃῖονὶαηᾶἱ
558 1484 788 1527 materiam
825 1490 1089 1525 enarrarunt
1127 1498 1166 1526 v.
1197 1497 1234 1526 c.
1266 1483 1432 1535 Flam,
1469 1482 1549 1524 hoc
1579 1497 1689 1536 voc„

216 1536 344 1597 cujus
370 1539 404 1582 l.
431 1539 578 1582 Attici
607 1538 685 1594 τὴν
711 1536 872 1595 καύχην
894 1553 1065 1606 ponere
1091 1545 1434 1589 consueverunt,
1468 1544 1518 1580 ut
1548 1531 1689 1596 &ivam

212 1607 298 1691 gro
320 1588 533 1650 ὅνθησιν,
573 1590 709 1651 αὔξην
739 1610 820 1653 pro
847 1592 1030 1649 αὺξησιν
1056 1597 1119 1650 (v.
1146 1595 1295 1639 Schol.
1328 1595 1383 1636 ad
1402 1594 1532 1639 Pind.
1555 1594 1687 1640 Nem.

255 1682 268 1704 ,
291 1652 360 1695 17.
389 1658 433 1694 et
453 1651 766 1695 Hemsterhus.
795 1651 851 1693 ad
881 1651 1043 1695 Thom.
1070 1651 1188 1707 Mag.
1219 1668 1262 1709 p.
1286 1653 1382 1696 127.
1412 1651 1482 1696 ed.
1514 1652 1689 1706 Berm),

214 1721 312 1749 cum
340 1722 383 1752 v.
414 1709 463 1750 τὸ
485 1706 685 1765 καύχημα
714 1709 827 1751 male
858 1707 1162 1752 confuderant.
1181 1707 1478 1765 ἐξεκλείσθη].
1537 1708 1686 1764 Quum

215 1761 397 1807 ἐκκλείω
417 1764 565 1824 janua
595 1765 820 1808 excludere
847 1766 1028 1823 proprie
1058 1766 1203 1808 valeat
1222 1766 1264 1809 h.
1284 1780 1323 1810 e.
1356 1773 1528 1808 autnon
1550 1769 1684 1809 intro-

215 1821 389 1865 mittere
419 1823 491 1879 qm'
514 1820 626 1879 soris
651 1824 733 1876 sit,
762 1827 838 1864 aut
867 1825 938 1881 qui
967 1823 1083 1865 intus
1112 1822 1249 1880 suerit
1269 1823 1514 1872 eliminare,
1547 1829 1685 1865 meta-

215 1878 397 1934 phorice
414 1884 506 1920 tum
541 1879 664 1921 aditu
692 1894 866 1932 arcere,
903 1892 986 1921 non
1006 1880 1234 1921 admittere
1265 1878 1380 1935 (Cic.
1402 1877 1598 1937 Philipp.
1621 1879 1684 1924 V.

136 1964 144 1973 .
213 1935 266 1988 7,
286 1936 355 1978 19.
410 1936 478 1978 At
507 1935 587 1977 ille
618 1935 746 1977 homo
764 1935 998 1977 vehemens
1020 1941 1062 1976 et
1082 1935 1297 1978 violentus
1312 1968 1324 1987 ‚
1352 1936 1428 1992 qui
1448 1936 1559 1977 hanc
1580 1951 1683 1978 con-

212 1990 491 2034 suetudinem
519 1992 661 2035 libere
691 1991 864 2035 dicendi
901 1992 1167 2048 ease-luderet,
1197 2017 1251 2025 -
1281 1992 1537 2035 inimicitias
1575 1994 1683 2037 mihi

211 2048 490 2095 denuntiavit
509 2050 633 2104 -—.)‚
664 2055 756 2092 tum
786 2063 1023 2102 removere,
1053 2049 1171 2091 abire
1193 2047 1351 2104 jubere
1384 2048 1605 2103 declarat,
1632 2056 1683 2093 ut

215 2105 318 2150 Gal.
338 2105 392 2159 4,
416 2107 487 2150 17.
506 2111 551 2149 et
567 2106 612 2150 h.
633 2107 690 2151 l.:
727 2120 870 2149 remo
884 2110 941 2148 ta
965 2110 1029 2148 est
1052 2106 1240 2162 yloriosa
1261 2108 1416 2152 oratio.
1474 2106 1549 2150 Sic
1567 2107 1682 2150 suis-

211 2178 260 2205 se
281 2163 323 2206 ci
342 2164 448 2206 olim
466 2164 634 2217 locum,
662 2162 742 2206 sed
759 2163 870 2205 nihil
882 2162 975 2221 jam
996 2163 1081 2205 loci
1100 2163 1142 2204 ei
1161 2163 1362 2206 relictum
1382 2178 1480 2206 esse
1502 2163 1553 2209 P.
1575 2165 1681 2207 sub-

208 2219 419 2265 indicavit
438 2221 517 2277 (cf.
539 2221 726 2278 Chrys„
755 2219 1051 2274 Theodoret„
1080 2219 1357 2277 TheophyL,
1380 2220 1560 2266 Oecum.
1581 2223 1638 2266 al.
1667 2254 1682 2267 .

210 2278 287 2320 διὰ
317 2276 453 2321 ποίου
491 2278 700 2331 vcinam}
757 2275 835 2320 Ad
858 2278 963 2320 haec
1003 2291 1044 2321 v.
1074 2291 1128 2319 ne
1157 2284 1302 2334 potest.
1332 2277 1508 2334 quidem
1549 2280 1626 2336 qui
1657 2305 1679 2314 -

213 2349 344 2391 quam
386 2334 474 2378 nisi
520 2333 777 2392 ἐξεκλείσθη
817 2348 840 2375 o
877 2333 1244 2392 praecedentibus
1284 2333 1488 2390 ductum,
1533 2341 1679 2379 mente

211 2391 338 2436 addi:
384 2391 510 2448 cujus
549 2392 661 2433 modi
696 2391 1094 2447 Iex.9lo›·iate'onem
1120 2388 1324 2436 simum?
1382 2391 1678 2436 Percontatur

211 2449 306 2506 Ap.
336 2447 412 2491 διὰ
439 2448 518 2490 τοῦ
551 2447 688 2500 νόμου
712 2449 795 2489 τῶν
826 2444 990 2505 ἔργωνς
1027 2462 1125 2491 uum
1160 2448 1279 2490 illam
1305 2465 1357 2492 ea
1389 2450 1461 2492 lea·
1485 2450 1675 2502 sustuli't,

210 2519 317 2562 quae
345 2519 512 2562 opera
541 2505 629 2547 edi
650 2503 776 2560 jubet
795 2504 861 2560 (h.
879 2519 918 2548 e.
939 2505 1012 2547 lex
1032 2502 1195 2557 mos.)'.1
1253 2504 1384 2562 Quod
1405 2513 1523 2549 recte
1544 2511 1673 2562 negat

207 2559 367 2618 (οὐχί).
423 2561 488 2605 Ea
511 2567 580 2604 est
601 2562 716 2604 enim
736 2561 850 2616 legis
871 2576 981 2606 mOS.
1011 2568 1194 2615 natura,
1223 2569 1271 2604 ut
1299 2564 1550 2621 superbiam
1581 2565 1671 2605 alat

208 2618 382 2676 potiuS,
427 2633 555 2675 quam
584 2618 858 2676 comprimat.
915 2618 1032 2661 Nam
1062 2634 1193 2676 quum
1223 2620 1280 2664 iis
1311 2622 1388 2677 qui
1417 2620 1504 2665 div.
1543 2634 1669 2679 prae-

208 2690 257 2718 ce
290 2675 350 2716 tis
389 2676 622 2732 paruerint
654 2691 865 2718 summam
898 2676 1153 2718 beatitatem
1179 2679 1406 2732 magnifice
1444 2678 1669 2736 promittat

208 2736 239 2831 (1
277 2746 362 2775 om.
395 2733 532 2784 10,5.
590 2733 695 2776 Gal.
724 2733 776 2787 3,
806 2734 921 2786 12.)‚
950 2733 995 2775 in
1026 2734 1138 2776 hunc
1171 2734 1367 2777 homines
1389 2748 1581 2777 errorem
1602 2734 1667 2775 in·

210 2805 222 2832 ι
242 2787 354 2841 ucit,
383 2793 430 2829 ut
448 2794 491 2830 et
510 2791 820 2847 sempiternam
839 2790 1095 2833 felicitatem
1117 2791 1278 2833 virtute
1299 2791 1538 2850 parabilem
1566 2805 1668 2831 csse

209 2846 445 2906 opinentur
471 2850 515 2888 et
542 2847 697 2890 merita
730 2862 833 2904 sua,
862 2848 1067 2906 opinione
1093 2848 1262 2894 scilicet
1285 2850 1414 2908 plura
1435 2854 1480 2891 et
1500 2848 1666 2906 majora
