1752 3347
230 166 318 212 208
511 160 894 209 EPISTOLA
924 161 1028 204 AD
1061 159 1421 208 ROMANOS

233 276 284 315 ut
310 272 384 314 hie
411 272 614 329 loquutio
645 264 757 313 εἶναί
783 283 922 318 τινος,
961 266 1150 328 alicujus
1179 281 1302 320 esse,
1343 270 1559 324 jemonbem
1587 282 1701 326 ange:

233 329 357 386 beten
395 330 519 386 (Gal.
558 329 609 381 3,
645 328 743 380 20.;
787 326 885 368 loca
917 330 1017 383 pete
1055 338 1112 367 ex
1136 324 1341 368 Abresclz.
1371 325 1608 370 Animadv.
1647 325 1701 367 ad

234 386 405 430 Aesch.
432 386 512 430 lib.
540 382 635 428 ΙΙΙ.
663 399 707 442 p.
737 383 882 452 165.)ζ
917 382 1138 425 obtineat:
1184 395 1240 422 an
1268 381 1323 423 ad
1353 380 1547 424 Judaeos
1576 382 1701 425 Deus

234 443 428 502 pertinet
454 436 785 483 tantummodo?-
835 439 930 492 ουχὶ
960 437 1026 493 δέ]
1067 437 1117 480 δέ·
1145 453 1171 480 a
1198 437 1320 482 Mill.
1353 436 1476 480 Prol.
1507 439 1544 490 §.
1576 439 1704 483 14⁵3.

234 499 564 542 condemnatum
587 497 780 550 Griesb„
815 495 997 551 Knapp.
1025 500 1067 537 et
1084 494 1266 539 Lachm.
1295 499 1412 537 recte
1434 493 1706 538 deleverunt.

233 555 352 600 Nam
375 571 398 598 a
418 555 651 613 permultis
674 550 887 596 subsidiis
909 553 992 608 (A.
1013 553 1062 596 C.
1081 552 1142 596 D.
1160 552 1232 595 31.
1253 553 1323 596 39.
1343 552 1418 595 47.
1443 552 1523 595 Mt.
1554 566 1597 604 g.
1626 551 1708 605 al.)

236 613 364 655 abest
401 617 447 654 et
469 614 602 667 auget
632 610 927 677 suspicionem
960 609 1092 652 lectio
1123 609 1197 651 καὶ
1228 605 1325 662 οὐχί
1350 611 1433 664 (ita
1463 609 1506 652 3.
1535 607 1709 663 Hilar.)

234 684 317 728 pro
339 665 435 722 οὐχὶ
456 669 503 711 δὲ
525 666 613 710 dal.
669 667 925 710 Discrimen
953 667 1034 709 hoe
1059 671 1143 710 est.
1204 665 1255 708 Si
1285 666 1334 708 δέ
1361 665 1623 718 retinueris,
1652 664 1708 706 ab

237 725 268 783 ἢ
294 742 347 769 us
397 742 436 768 le
462 724 518 768 ad
543 723 686 768 ἐθνῶν
710 724 836 784 prius
876 739 961 766 una
996 723 1286 778 interrogatio
1318 724 1510 765 volvitur
1546 726 1625 777 (an
1654 720 1710 763 ad

235 784 344 830 Jud.
423 816 434 827 .
463 783 658 840 pertinet
684 779 1006 834 tantummodo,
1045 795 1130 823 non
1163 795 1268 822 vero
1298 781 1430 822 etiam
1471 778 1527 821 ad
1566 778 1710 833 genti-

234 838 391 898 les?),
423 839 494 882 sin
512 838 751 898 abjeceris,
779 839 890 881 duae
909 843 1012 880 suut
1040 837 1416 895 percontationes:
1445 851 1500 878 an
1531 836 1586 878 ad
1606 834 1710 880 Jud.

235 899 300 943 D.
324 897 518 955 pertinet
541 890 872 938 tantummodo?
911 909 1052 937 nonne
1075 895 1206 937 etiam
1237 892 1291 934 ad
1312 889 1534 947 gentiles?
1591 892 1712 934 Male

234 957 253 1000 i
288 956 378 998 itur
423 955 587 997 omisso
636 951 686 995 δέ
734 952 907 1007 virgulti
987 957 1056 994 ost
1100 950 1236 1004 μόνον
1282 950 1569 1006 interpungas
1611 963 1711 990 eum

237 971 442 1057 lgachnu.
502 1010 692 1053 Sensus:
722 967 1030 1052 hondneslleo
1063 1007 1148 1049 fide
1176 1005 1431 1063 probaritn
1462 1006 1593 1048 facus
1621 1006 1712 1060 legi

238 1066 357 1113 mos,
383 1067 688 1111 consentaneis
719 1066 831 1108 nihil
856 1065 1119 1124 adjuventur
1157 1066 1220 1119 (ν.
1248 1063 1343 1118 28.)
1386 1079 1439 1106 ex
1470 1078 1520 1106 eo
1552 1064 1712 1115 elucet,

238 1125 361 1184 quod
377 1124 503 1169 Deus
527 1139 612 1166 non
635 1125 777 1165 solum
795 1121 852 1163 ad
871 1122 1090 1175 Judaeos,
1120 1135 1268 1163 verum
1294 1120 1426 1163 etiam
1450 1119 1505 1162 ad
1524 1120 1714 1176 gentiles

237 1183 458 1243 pertinet,
497 1180 610 1223 unde
645 1195 744 1222 eum
773 1180 975 1235 utrisque
1001 1178 1171 1236 pariter
1196 1178 1451 1244 prospicere
1483 1178 1714 1234 consequi-

240 1246 341 1294 tur,
392 1237 509 1296 quod
546 1237 652 1280 fecit
683 1235 760 1278 τὸν
807 1237 1156 1278 πιστεύοντα
1204 1241 1423 1290 integrum
1469 1234 1714 1279 'udicandm

239 1297 359 1342 Nam
381 1297 421 1338 si
451 1293 556 1351 ἔργα
574 1291 712 1347 νόμου
742 1307 838 1336 eum
859 1308 939 1352 pro
976 1293 1098 1336 itium
1129 1291 1390 1346 redderent,
1421 1249 1478 1334 ad
1505 1291 1716 1343 Iudaeos,

240 1355 406 1412 quihus
438 1353 547 1395 solis
570 1352 714 1406 legem
742 1365 852 1395 moS.
883 1308 1105 1404 degisset,
1142 1349 1441 1392 tantummodo
1472 1350 1718 1408 pertineret

239 1425 385 1468 neque
410 1410 498 1453 nisi
524 1409 678 1451 horum
711 1409 849 1450 saluti
875 1408 1143 1466 provideret.
1200 1407 1261 1451 V.
1290 1408 1362 1452 30.
1408 1407 1554 1450 Deum
1582 1407 1717 1450 etiam

241 1468 298 1511 ad
328 1467 516 1523 gentiles
545 1465 770 1524 pertinere
799 1468 887 1521 (ναὶ
917 1465 991 1507 καὶ
1024 1463 1166 1508 ἐθνῶν
1201 1478 1242 1508 v.
1269 1465 1365 1519 29.)
1395 1463 1448 1508 Ρ.
1486 1465 1566 1506 hoe
1605 1464 1717 1506 satis

239 1527 369 1569 firmo
397 1527 656 1579 argumento
686 1522 868 1580 probat,
899 1521 1016 1578 qnod
1042 1536 1150 1563 meus
1176 1523 1235 1563 sit
1252 1522 1402 1574 Deus,
1431 1536 1516 1563 non
1547 1521 1717 1589 plureS.

241 1581 377 1626 Risui
395 1581 510 1623 enim
529 1580 710 1633 fuisset,
741 1578 817 1634 qui
844 1579 1033 1634 gentiles
1054 1578 1184 1620 unius
1207 1578 1294 1619 Dei
1316 1578 1620 1635 providentiae
1640 1592 1718 1620 ex-

242 1645 389 1683 sortes
406 1638 554 1679 vivere
575 1635 826 1694 objecisset.
885 1635 998 1677 Esse
1018 1639 1166 1676 autem
1196 1648 1278 1676 non
1303 1635 1388 1676 nisi
1418 1650 1547 1677 unum
1570 1634 1718 1677 Deum

242 1701 289 1740 et
317 1694 518 1738 homines
550 1693 708 1737 christ.
744 1691 881 1762 §Epa
912 1692 965 1744 4,
995 1693 1062 1746 6.)
1101 1696 1144 1734 et
1174 1691 1331 1736 Iudaei
1356 1691 1515 1747 (Dent.
1543 1692 1597 1741 4,
1624 1691 1720 1745 39.)

246 1751 449 1796 confiteri
478 1750 711 1793 debebant.
743 1747 954 1804 επείπερ]
985 1749 1151 1807 quando
1178 1750 1330 1802 semel,
1362 1752 1449 1796 mcii
1479 1753 1647 1799 ciliman
1675 1763 1718 1792 v.

246 1810 400 1853 Herm.
428 1807 485 1849 ad
504 1806 612 1861 Vig.
639 1822 683 1864 p.
702 1807 801 1850 786.
831 1804 987 1863 Eurip.
1010 1806 1112 1850 Jon.
1141 1821 1180 1850 V.
1200 1807 1300 1849 816.
1333 1806 1437 1864 Jph.
1457 1806 1516 1850 T.
1547 1822 1589 1851 v.
1618 1805 1720 1850 ⁵83.

243 1865 393 1910 Infert
423 1862 613 1919 ἐπείπερ
645 1878 737 1905 rem
768 1868 930 1905 certam
961 1863 1162 1919 nullique
1191 1862 1457 1906 dubitationi
1487 1864 1722 1906 obnoxiam

243 1919 622 1981 (quandoquidem
652 1935 784 1963 unum
813 1934 910 1962 csse
933 1919 1080 1962 Deum
1110 1935 1235 1962 nemo
1267 1935 1426 1976 negare
1457 1921 1723 1977 sustineat);

248 1976 330 2024 sed
368 1975 519 2034 εἴπερ,
563 1976 681 2034 quod
715 1992 740 2019 a
781 1976 946 2020 Griesb.
986 1977 1330 2019 commendatum
1381 1993 1434 2019 ex
1474 1979 1539 2022 A.
1570 1976 1622 2021 C.
1662 1978 1723 2022 al.

250 2037 434 2081 Luchm.
461 2033 646 2092 recipit,
675 2034 882 2089 siqnidem
906 2033 1040 2078 valet.
1100 2032 1154 2075 In
1184 2034 1350 2092 majore
1371 2034 1475 2079 cde.
1505 2048 1722 2077 consensu

249 2093 358 2138 mihi
380 2106 552 2150 quoque
572 2088 698 2149 εἴπερ
718 2090 997 2149 probaretur.
1056 2084 1386 2134 Pulchre‘enim
1406 2091 1484 2143 P.,
1514 2106 1601 2150 quo
1632 2107 1724 2134 ma-

250 2153 320 2208 gis
342 2152 532 2193 lectores
554 2163 638 2190 non
658 2163 790 2207 posse
810 2147 1004 2189 dubitari
1025 2149 1129 2204 quin
1151 2163 1265 2191 unus
1291 2155 1409 2192 esset
1433 2149 1560 2192 Deus
1585 2150 1723 2192 senti-

249 2214 373 2262 rent,
413 2221 505 2248 reni
570 2221 668 2248 luun
700 2206 786 2263 ipsi
812 2211 934 2247 certo
963 2205 1128 2248 scirent
1162 2206 1205 2247 in
1235 2206 1402 2249 incerto
1433 2208 1725 2264 reflinqueret

251 2266 315 2323 (si
338 2263 511 2322 quidem
580 2277 675 2305 enm
694 2278 824 2304 unum
846 2277 944 2305 esse
963 2269 1081 2306 recte
1101 2265 1285 2317 statuo).
1343 2263 1411 2308 Cf.
1441 2263 1495 2306 de
1525 2264 1604 2306 hnc
1624 2265 1724 2307 rhe-

253 2323 395 2366 torical
416 2320 628 2363 orationis
651 2319 995 2362 conformatione
1021 2322 1050 2361 2
1069 2320 1233 2364 Thess.
1268 2322 1316 2373 1,
1337 2325 1379 2365 6.
1430 2323 1453 2371 l
1476 2320 1596 2365 Petr.
1618 2322 1662 2375 2,
1679 2321 1723 2365 3.

255 2385 300 2423 et
326 2379 488 2421 librum
525 2393 582 2421 m.
610 2377 921 2434 ffirfriiminaticn
951 2392 989 2422 u.
1021 2381 1047 2431 f.
1077 2390 1127 2423 m.
1158 2393 1199 2436 p.
1231 2379 1302 2421 (3⁷.
1334 2393 1419 2434 sq..
1479 2379 1541 2422 Ut
1568 2385 1669 2436 post
1699 2374 1723 2421 ὁ

254 2433 367 2486 θεός
405 2437 534 2493 plene
572 2435 912 2492 interpungatur
948 2435 1036 2490 (cf.
1074 2434 1274 2491 Romu),
1322 2450 1462 2492 noque
1502 2441 1724 2478 structura

255 2493 539 2548 grannnatiea
560 2506 701 2549 neque
724 2492 1042 2534 sententiarum
1063 2493 1176 2534 ratio
1207 2493 1448 2550 permittit,
1479 2508 1589 2550 quae
1617 2494 1729 2534 haee

255 2554 345 2593 est:
376 2547 728 2608 quandoquidem
746 2562 858 2590 unus
879 2554 946 2591 est
965 2548 1106 2599 Deus,
1139 2565 1265 2606 quem
1285 2549 1469 2595 Iudaeis
1487 2559 1530 2594 et
1547 2547 1723 2606 gentili-

253 2606 339 2649 bus
361 2622 492 2649 unum
513 2621 560 2649 se
579 2605 848 2662 eundemque
868 2608 970 2649 olim
994 2607 1294 2649 exhibiturum
1316 2623 1415 2650 esse
1435 2608 1622 2650 affirmo.
1649 2605 1723 2646 ὀι-

257 2660 472 2718 καιώσει].
532 2662 623 2720 Qui
643 2663 855 2706 Futurum
877 2678 956 2721 pro
982 2664 1136 2708 Prans.
1157 2665 1323 2707 δικαιοῖ
1342 2680 1421 2722 per
1438 2664 1577 2707 Hebr.
1602 2661 1722 2719 posi-

258 2723 350 2762 tum
369 2734 466 2761 esse
495 2719 835 2774 contenderunt,
865 2735 906 2765 v.
925 2736 962 2764 c.
982 2722 1104 2765 Grot.
1137 2726 1178 2763 et
1200 2721 1382 2775 Rueck„
1412 2720 1520 2763 illud
1549 2719 1590 2760 in
1622 2733 1722 2760 sen·

259 2776 395 2819 tentia
417 2778 771 2829 generaliloctnn
791 2793 916 2819 suurn
940 2779 1048 2820 hene
1079 2779 1194 2821 tueri
1223 2779 1386 2820 rovinus
1414 2777 1631 2818 dixissent
1660 2778 1723 2830 (v.

260 2832 315 2877 ad
333 2831 492 2878 Matth.
515 2834 710 2891 pul-52).
769 2833 883 2878 Num
905 2835 1021 2892 quod
1039 2850 1206 2892 semper
1227 2836 1368 2879 valeat
1382 2834 1483 2894 jure
1504 2840 1545 2876 et
1563 2834 1723 2875 sactum

1625 2904 1724 2931 esse
