1889 3428
431 588 1204 646 PRAEFATIO.

78 825 186 896 Ι).
222 848 359 896 Pauli
390 851 446 896 ad
483 848 725 895 Romanos
757 851 1003 910 epistolae,
1057 868 1174 912 quae
1214 869 1306 898 una
1337 856 1549 900 omnium

78 928 385 975 Paulinarum
409 939 452 975 et
475 929 746 988 gravissima
767 938 811 974 et
834 929 1111 975 difficillima
1135 941 1369 985 censetur,
1403 934 1551 993 expli-

77 1009 250 1053 candae
275 997 539 1061 consilium,
573 1023 725 1067 neque
747 1007 920 1052 nudius
942 1008 1108 1053 tertius
1127 1009 1243 1068 cepi,
1277 1025 1427 1070 neque
1442 1027 1550 1055 vero

76 1087 246 1146 raptim
276 1095 555 1147 exsequutus
587 1102 702 1132 sum.
784 1085 884 1130 Imo
921 1103 1068 1147 quum
1107 1084 1278 1132 horum
1317 1089 1547 1133 rationem

75 1164 341 1210 studiorum
362 1164 440 1208 vix
469 1163 704 1221 ingressus
735 1163 1191 1224 animadvertissem,
1239 1181 1390 1226 neque
1413 1166 1546 1226 Kop-

72 1247 141 1306 pii
172 1246 372 1299 librum,
417 1245 500 1304 qui
530 1255 631 1290 tum
661 1246 833 1289 summi
865 1263 888 1291 a
918 1247 1151 1308 plerisque
1179 1256 1302 1292 recte
1330 1249 1548 1294 aestima-

74 1330 234 1382 batur,
280 1327 323 1370 ei
345 1331 484 1386 quam
508 1322 594 1369 hac
618 1334 764 1370 aetate
789 1327 1031 1384 splendere
1060 1344 1144 1387 par
1164 1337 1281 1373 esset
1302 1328 1543 1374 literarum

73 1407 166 1452 luci
195 1405 304 1449 satis
334 1404 644 1463 respondere,
698 1419 851 1464 neque
883 1405 1089 1450 limatius
1128 1422 1247 1465 opus
1276 1407 1368 1451 nisi
1397 1409 1454 1452 ab
1485 1420 1539 1451 'eo

72 1486 191 1530 effici
211 1499 371 1545 posse,
414 1482 497 1543 qui
522 1491 692 1537 aetate,
739 1483 935 1527 consilio
957 1493 1001 1528 et
1019 1499 1107 1528 usu
1127 1484 1200 1528 vir
1224 1486 1369 1530 factus
1388 1486 1543 1545 prius-

70 1580 209 1625 quam
242 1561 484 1620 negotium
506 1559 797 1614 laboriosum
829 1569 874 1604 et
899 1560 1088 1604 difficile
1118 1563 1445 1620 aggrederetur
1469 1563 1543 1607 di-

68 1642 422 1702 ligentissimam
442 1640 846 1700 praeparationem
868 1636 1183 1695 adhibuisset,
1227 1657 1277 1685 re
1300 1658 1439 1702 quam
1466 1642 1541 1699 ju-

68 1723 213 1768 venili
242 1723 411 1766 ardore
444 1720 712 1779 complexus
742 1735 868 1763 eram
900 1719 952 1762 in
979 1719 1153 1763 multos
1180 1735 1329 1764 annos
1358 1719 1540 1779 prolata

67 1802 363 1862 aliquantum
392 1798 616 1857 temporis
646 1798 704 1842 ab
744 1797 848 1841 aliis
890 1791 1278 1855 occupationibus
1318 1797 1457 1842 liberi
1492 1797 1538 1841 in

63 1878 265 1925 Paulum
290 1877 501 1923 conferre
523 1876 677 1923 statui.
747 1875 817 1921 Ita
838 1876 1095 1921 duodecim
1109 1877 1222 1920 anni
1240 1877 1542 1941 praeterlapsi

66 1967 194 2014 sunt,
236 1957 409 2018 quibus
428 1955 566 2001 Pauli
597 1956 812 2015 epistolas
842 1955 1179 2016 quinquies'in
1202 1954 1372 2002 scholis
1405 1968 1539 2004 accuz

63 2043 162 2079 rate
203 2033 419 2078 enarravi
458 2049 611 2093 neque
654 2033 967 2092 spernendam
1009 2041 1052 2076 et
1093 2049 1198 2078 cum
1240 2033 1340 2094 ipso
1372 2030 1536 2087 Paulo‘,

65 2112 197 2170 cujus
222 2112 390 2171 scripta
414 2127 541 2156 nunc
563 2110 758 2164 criticis,
793 2126 920 2154 nunc
945 2111 1209 2168 exegeticis,
1244 2108 1370 2158 nunc
1390 2111 1540 2160 histo-

64 2189 194 2244 ricis,
248 2205 376 2234 nunc
404 2190 677 2248 dogmaticis
709 2189 974 2234 rationibus
1014 2191 1242 2236 adductus
1275 2188 1537 2252 saepissime

63 2268 362 2325 pertractavi,
407 2275 452 2311 et
483 2283 589 2311 cum
622 2265 759 2310 Pauli
790 2267 1159 2326 interpretibus,
1203 2285 1404 2328 quorum
1439 2264 1534 2315 non

64 2346 218 2390 solum
241 2346 444 2404 optimos
473 2361 684 2406 quosque
712 2346 830 2404 legi,
874 2362 1038 2390 verum
1073 2347 1210 2390 etiam
1233 2347 1405 2392 multos
1430 2347 1535 2392 infi-

64 2439 165 2468 mos
214 2424 371 2481 attigi,
437 2423 805 2468 familiaritatem
861 2424 1144 2468 contraxisse
1190 2421 1307 2467 mihi
1357 2425 1533 2471 videor.

6 2543 12 2546 .
65 2500 251 2559 Quodsi
279 2517 407 2544 nunc
437 2502 793 2546 commentarios
829 2501 1060 2559 ejusmodi
1102 2502 1367 2558 confecero,
1387 2489 1535 2564 ‘''qilos

64 2579 156 2623 viri
187 2579 362 2624 eruditi
385 2595 482 2623 non
519 2579 623 2623 dico
646 2588 752 2638 post
773 2579 1020 2623 immatura
1043 2588 1088 2623 et
1110 2579 1333 2625 subitaria
1359 2581 1534 2625 multo-2

65 2673 170 2702 rum
211 2657 405 2716 scripta,
465 2657 637 2716 quibus
674 2672 802 2700 nunc
838 2655 1018 2700 Paulus*
1053 2657 1264 2717 undique
1303 2659 1535 2713 obruitur,

64 2735 141 2779 sed
169 2743 273 2793 post
297 2735 541 2779 doctorum
564 2733 799 2788 virorum,
845 2734 927 2793 qui
958 2733 1177 2792 epistolae
1208 2735 1265 2779 ad
1291 2733 1534 2780 Romano-s

64 2811 355 2858 intellectum
387 2812 671 2871 adjuverunt
700 2820 754 2857 ut
784 2810 1051 2866 Koellneri,
1095 2809 1283 2859 Reichii
1314 2818 1357 2857 et
1380 2813 1533 2859 Win-
