1752 3347
191 123 277 167 312
469 123 854 167 EPISTULA
885 125 988 167 AD
1016 124 1381 173 ROMANOS

193 232 317 280 sent,
345 227 422 284 qui
440 228 608 271 voculis
627 226 708 282 μέν
723 255 781 263 —
800 228 850 273 δέ·
869 230 1055 274 indicari
1078 233 1216 286 solet,
1244 246 1271 274 a
1291 234 1396 276 vera
1422 234 1656 280 l.·senten-

193 286 257 327 tia
288 284 577 338 aberrarunt,
611 287 734 329 velut
765 285 932 343 Syrus,
971 289 1049 344 qui
1076 289 1183 331 haec
1211 303 1251 333 v.
1281 290 1522 347 expressit:
1555 292 1657 350 ἄχρι

192 339 279 397 γὰρ
305 338 444 395 νόμου
479 338 542 399 ἦν
570 343 670 396 μὲν
698 339 893 399 ἁμαρτία
922 343 967 388 ἐν
993 341 1168 400 κόσμῳ,
1210 343 1304 388 οὐκ
1340 346 1656 401 &vel-oreste

194 397 254 440 δὲ
284 392 503 455 ἁμαρτία,
534 398 606 441 ὅτι
636 395 729 442 οὐκ
756 396 817 456 ἦν
846 398 1031 454 νόμος.
1094 401 1276 445 Scilicet
1300 404 1523 458 nugatam
1548 404 1658 446 scri-

192 460 392 511 pturam:
409 480 414 487 ›
431 469 516 497 non
543 456 755 510 imputari
779 457 888 500 solet
914 463 1138 515 peccatum
1164 474 1246 501 non
1275 460 1372 502 lato
1398 458 1543 502 DIosis
1571 460 1661 515 leye

190 511 436 553 universali
456 512 676 554 sententia
693 512 748 554 ad
769 514 966 557 homines
986 516 1043 558 ab
1062 516 1237 558 Adamo
1265 532 1404 573 usque
1433 515 1487 558 ad
1506 516 1663 558 Mosen

190 571 321 610 natos
343 568 666 611 accommodata
681 569 868 614 liberius
888 587 976 629 quo
999 572 1095 616 dixi
1121 573 1248 615 modo
1278 574 1510 617 convertit.
1567 572 1662 616 Lu—

192 623 325 678 ther„
357 625 500 679 Gala,
530 625 776 681 cameram,
809 628 975 672 cornel.
1003 645 1030 672 a
1050 630 1243 686 Lapide,
1272 631 1455 683 fleam„
1483 629 1661 682 Rueck„

198 681 393 723 Usterius
412 683 447 726 1.
469 697 508 726 c.
527 683 682 740 p.42.‚
708 684 938 730 Bretsclm.
966 686 1081 732 Lex.
1112 702 1150 731 S.
1177 702 1217 731 v.
1251 685 1466 742 ἐλλογέω,
1495 687 1555 730 al.
1585 684 1662 728 ἐλ-

195 737 390 792 λογεῖται
420 738 475 781 ad
503 739 691 782 homines
716 742 940 796 referunt,
976 745 1048 800 qni
1077 744 1204 800 nefas
1233 744 1501 786 committant
1531 744 1575 787 h.
1599 757 1661 786 S.:

192 799 418 851 peccatum
438 800 581 838 autem
602 799 650 852 (a
668 800 965 856 peccantibus)
986 815 1067 843 non
1091 802 1356 854 imputatur,
1385 813 1466 841 non
1486 801 1543 842 ad
1563 800 1659 843 ani-

191 864 312 893 mum
350 853 620 906 admittitur,
663 869 747 896 non
784 857 940 898 valde
979 863 1159 900 curatur
1195 856 1417 910 (nonnulli
1457 857 1573 898 enim
1604 854 1661 900 Ρ.

190 914 444 964 comparate
470 910 596 966 loqui
623 913 824 966 censent)
850 927 934 955 non
962 927 1151 968 mayno
1179 913 1374 955 dedecori
1400 912 1593 964 ducitur,
1621 913 1662 955 si

191 964 316 1006 malla
356 966 453 1019 lex,
509 981 621 1024 qnae
654 968 851 1010 facinora
886 971 1100 1027 corripiat
1132 983 1370 1024 eorumque
1404 966 1661 1011 foeditatem

191 1021 400 1078 ostendat
434 1022 708 1079 (Bretschu.:
747 1026 786 1067 si
817 1026 892 1067 lex
923 1040 1030 1070 mos.
1059 1032 1335 1083 peccatorum
1366 1025 1662 1094 cognitionem

192 1076 385 1121 afferens
417 1081 460 1132 7,
478 1082 521 1124 7.
538 1080 582 1125 8.
612 1083 719 1135 non)
751 1082 1026 1137 promnlqata
1057 1084 1131 1126 sit.
1198 1081 1319 1137 Quin
1345 1096 1387 1126 v.
1416 1082 1663 1135 ελλογεῖται

191 1135 238 1177 in
257 1137 445 1187 qenerati
468 1139 687 1180 sententia
703 1139 894 1181 locatum
915 1140 977 1181 ita
998 1140 1096 1197 capi
1110 1141 1254 1197 possit
1271 1153 1359 1181 non
1377 1144 1445 1181 est
1459 1137 1664 1191 dubium

190 1182 273 1250 sed
318 1198 523 1236 contexta
571 1196 714 1238 oratio
757 1197 866 1237 hanc
904 1197 1227 1238 enarrationem
1267 1196 1442 1238 minime
1476 1196 1664 1253 patitur.

191 1247 386 1292 Praebet
404 1251 518 1293 enim
537 1267 728 1309 sequens
749 1253 988 1295 membrum
1020 1268 1060 1297 v.
1084 1254 1155 1297 14.
1181 1250 1272 1295 ἀλλ’
1303 1250 1588 1309 ἐβασίλευσεν
1605 1277 1665 1285 -

187 1301 350 1360 Ἀδάμ,
382 1307 498 1364 quod
517 1309 664 1351 verbis
698 1323 739 1353 v.
760 1311 829 1352 13.
860 1305 1056 1368 ἁμαρτία
1086 1311 1135 1353 δὲ
1160 1335 1217 1342 -
1245 1306 1382 1362 νόμου
1410 1310 1666 1366 opponitur,

190 1361 303 1403 hanc
331 1366 620 1408 sententiam:
651 1370 697 1406 at
724 1367 939 1421 imputata
965 1372 1071 1409 sunt
1101 1382 1128 1410 a
1149 1368 1242 1410 Deo
1271 1365 1548 1419 hominibus,
1586 1367 1665 1422 qui

187 1424 294 1461 ante
305 1418 446 1462 Mosis
463 1427 663 1479 tempora
684 1420 978 1479 deliquissent
995 1427 1157 1479 (morte
1176 1438 1327 1467 eorum
1350 1423 1540 1480 peccatis
1560 1437 1667 1480 poe-

189 1475 249 1516 mi
273 1477 473 1532 irrogata
491 1494 531 1522 v.
557 1480 649 1534 12.)
675 1486 870 1536 peccata.
928 1480 1061 1523 Unde
1090 1495 1144 1523 ne
1176 1495 1325 1522 eorum
1357 1479 1533 1536 quidem
1559 1494 1665 1523 vera

191 1536 415 1576 sententia
436 1540 528 1588 est,
559 1537 634 1592 qui
653 1537 806 1592 (Phor.
825 1552 897 1593 ap.
917 1537 1048 1592 Oec.)
1076 1538 1139 1578 sic
1161 1537 1408 1593 explicant:
1437 1544 1664 1594 peccatum

189 1594 339 1631 autem
359 1605 441 1633 non
460 1592 699 1645 imputatur
717 1593 814 1646 lege
835 1607 919 1634 non
948 1594 1187 1635 constituta
1223 1595 1252 1637 i.
1275 1608 1314 1636 e.
1346 1594 1490 1635 minus
1520 1593 1666 1651 impu-

188 1650 313 1688 tatur
331 1653 421 1689 tum
440 1648 493 1691 ab
503 1648 668 1704 judice,
697 1650 766 1690 cni
787 1651 1038 1692 excusatius
1056 1649 1440 1707 peccarivideatur
1457 1651 1556 1705 lege
1576 1664 1665 1693 non

194 1704 440 1761 proposita,
470 1710 561 1747 tum
583 1705 636 1747 ab
652 1705 818 1748 homine
838 1707 910 1762 qm·
929 1708 1056 1763 nefas
1072 1708 1335 1759 committat,
1364 1707 1468 1762 quia
1488 1708 1664 1749 facinus

188 1760 360 1816 scripta
379 1762 477 1817 lege
498 1776 583 1804 non
602 1763 782 1804 vetitum
804 1763 982 1804 facilins
1003 1763 1091 1805 sibi
1118 1765 1339 1819 ignoscat,
1370 1765 1410 1805 si
1436 1778 1514 1820 per
1530 1769 1665 1805 mtra-

192 1817 324 1860 verit.
382 1817 477 1860 Imo
500 1824 548 1861 ut
569 1833 610 1862 v.
631 1833 716 1860 non
736 1819 823 1859 nisi
841 1820 891 1861 de
911 1819 1134 1875 judicibus
1163 1821 1392 1877 capiantur
1420 1835 1459 1864 ν.
1485 1822 1508 1862 l
1543 1852 1554 1863 .
1584 1835 1665 1877 po-

191 1875 334 1915 stulat
365 1874 410 1918 h.
432 1889 495 1919 r.:
543 1879 768 1932 peccatum
797 1881 942 1917 autem
976 1876 1049 1932 (ab
1071 1875 1244 1931 jndice)
1280 1891 1365 1917 non
1405 1876 1666 1933 imputatur,

191 1943 277 1972 non
307 1931 479 1974 crimini
498 1930 628 1974 datur
659 1933 785 1987 (ergo
817 1932 947 1974 etiam
979 1947 1059 1975 non
1084 1933 1284 1987 punitur)
1316 1933 1414 1987 lege
1442 1947 1527 1975 non
1558 1933 1666 1979 fixa.

189 1987 335 2086 ssuam
358 1988 533 2045 quidem
552 1990 816 2031 sententiam
837 1994 927 2031 tum
946 1990 1043 2031 loco
1061 1989 1191 2033 Rom.
1209 1989 1251 2042 2,
1265 1989 1486 2042 12—16.,
1515 1989 1591 2032 ubi
1610 1988 1668 2035 Ρ.

240 2060 337 2089 eum
367 2046 412 2087 in
438 2045 662 2104 improbos
690 2061 884 2102 paganos
921 2046 1327 2089 animadversurum
1366 2061 1465 2088 esse
1501 2046 1668 2100 docuit,

191 2105 237 2143 et
256 2103 405 2158 paullo
426 2109 527 2145 ante
544 2117 585 2147 v·
607 2104 678 2146 12.
701 2102 830 2145 dictis
862 2105 956 2158 (καί
989 2102 1128 2154 οὕτως
1156 2128 1213 2134 -
1243 2099 1329 2160 ἐφ’
1361 2098 1396 2159 ᾧ
1427 2119 1475 2145 π.
1501 2101 1566 2160 ἥ.)
1594 2119 1666 2147 re-

190 2172 392 2256 flugnare
412 2161 585 2202 incante
608 2159 819 2202 obtendas
847 2163 909 2216 (v.
930 2159 1127 2215 Rueck).
1193 2157 1353 2216 Neque
1382 2161 1499 2202 enim
1531 2158 1666 2214 νόμος

225 2246 237 2258 .
256 2216 289 2260 1.
320 2221 388 2259 est
417 2218 490 2259 lex
524 2232 654 2269 mos„
703 2216 782 2259 sed
807 2217 882 2259 lex
911 2218 957 2259 in
984 2232 1162 2272 genere.
1234 2215 1412 2259 Deinde
1442 2218 1667 2260 sententia

190 2273 433 2316 communis
455 2279 523 2315 est
550 2279 794 2331 (peccatum
819 2279 1066 2316 autemnon
1088 2274 1298 2331 imputari
1317 2275 1431 2316 solet
1463 2274 1518 2317 ab
1540 2273 1667 2335 judi-

191 2343 263 2381 ce,
291 2330 420 2372 silex
441 2346 527 2373 non
552 2332 827 2388 promulgata
853 2331 935 2384 sit)
965 2338 1009 2373 et
1033 2346 1087 2373 ex
1116 2332 1338 2373 hominum
1368 2331 1458 2373 vita
1487 2337 1531 2374 et
1561 2346 1664 2374 con-

189 2386 424 2429 suetudine
455 2387 699 2445 depromta.
766 2387 924 2430 Solent
950 2394 1097 2431 antem
1126 2389 1172 2430 in
1199 2388 1311 2431 bene
1344 2389 1585 2431 constituta
1613 2402 1663 2432 re

193 2442 365 2498 publicai
387 2445 512 2502 prius
533 2446 655 2499 leges
674 2444 842 2488 civibus
860 2445 1049 2503 imponi,
1086 2460 1216 2502 quam
1244 2445 1300 2487 ab
1323 2445 1379 2487 iis
1400 2461 1565 2503 poenae
1589 2460 1662 2488 ex-

191 2503 421 2555 petantur,
449 2502 524 2558 qui
543 2507 695 2544 contra
718 2502 822 2544 illas
844 2503 1159 2546 commiserint.
1217 2500 1271 2545 ln
1293 2509 1467 2560 promtu
1488 2509 1556 2545 est
1577 2500 1660 2557 ign·-

192 2561 291 2607 tur,
332 2555 382 2600 P.
411 2558 610 2611 generali
648 2559 733 2600 ista
772 2559 990 2601 sententia
1018 2560 1196 2601 minime
1229 2574 1279 2602 ea
1318 2560 1501 2613 tollere,
1549 2570 1658 2616 quae

192 2610 336 2654 Deum
357 2621 399 2654 et
418 2617 632 2658 facturum
655 2631 754 2658 esse
773 2617 815 2668 2,
830 2617 897 2659 12.
912 2632 979 2673 sq.
1003 2622 1047 2659 et
1066 2617 1226 2659 fecisse
1251 2617 1374 2668 5‚12.
1396 2631 1530 2675 supra
1550 2612 1658 2657 scri-

192 2668 299 2728 psit.
358 2669 476 2724 Quin
499 2688 550 2714 eo
570 2678 738 2715 tantum
760 2673 947 2715 consilio
970 2674 1080 2716 hanc
1110 2674 1373 2716 sententiam
1403 2672 1576 2723 attulit,
1605 2684 1657 2712 nc.

190 2725 470 2768 fundamento
500 2729 819 2773 destitueretur
856 2746 1033 2788 sequens
1069 2731 1419 2786 argumentatio,
1464 2728 1548 2784 qua
1584 2741 1656 2768 sa-

187 2784 326 2837 pienti
345 2784 539 2828 instituto
561 2785 704 2830 Deum
723 2802 804 2831 sua
823 2788 1008 2832 consilia
1029 2803 1116 2832 non
1140 2787 1196 2832 ad
1225 2788 1445 2832 homiuum
1475 2798 1657 2827 consuc-
