1752 3347
31 185 38 202 s
457 146 612 196 CAP.
650 146 739 195 vl.
788 147 882 196 Vc.
909 148 972 197 ³..
1391 150 1477 194 371

9 255 164 299 mortis
182 253 238 297 ab
254 253 300 297 in
318 255 451 299 vitam
470 255 633 298 rede'tus
651 257 748 313 (up.
765 254 1076 312 similitudine)
1097 254 1319 302 distinxit.
1376 254 1476 302 Jam

11 311 55 354 si
82 310 417 355 similitudinem
445 312 600 355 mortis
633 327 761 369 quam
781 313 990 357 Christus
1020 314 1272 356 occubuerit
1292 314 1337 356 in
1359 313 1480 374 ejus-

9 367 129 412 modi
149 375 290 413 morte
309 368 537 426 suscepta,
577 384 706 425 quarn
736 369 907 413 reditus
927 372 972 413 in
998 372 1130 414 vitam
1153 375 1388 428 sequatur,
1417 370 1479 413 si-

9 429 86 467 cut
111 429 293 466 mortem
321 439 450 481 quam
481 423 686 468 Christus
713 426 875 469 obierit
902 427 1020 470 vitae
1051 427 1317 469 instauratio
1349 441 1480 469 exce-

9 480 155 540 perit,
182 480 303 522 cerni
323 481 572 537 putaveris»,
607 486 700 522 tum
727 480 841 523 ἀλλὰ
856 482 1092 526 >calvorum
1113 483 1245 525 etiam
1268 483 1478 538 explana-

8 534 144 589 v'eris,
171 540 393 594 postremo
413 535 584 578 Futuro
606 533 809 590 ἐσόμεθα
825 536 1126 594 pervulgatam
1147 537 1250 590 vim,
1279 539 1362 595 qua
1384 552 1477 581 rem

5 591 207 650 futuram
225 590 416 644 indicat,
451 591 689 645 tribueris,
726 594 838 636 nihil
858 609 963 637 sane
985 595 1031 636 in
1047 595 1267 637 sententia
1288 594 1478 637 mutabi-

8 650 108 702 tur,
151 647 246 691 sive
275 651 475 704 coynatos
500 648 736 704 (similes),
777 650 871 692 sive
899 651 1072 693 coalitos
1110 654 1252 707 (arcte
1276 650 1479 710 junctos)

7 701 265 760 συμφύτους
284 705 573 763 οζροειιενίε,
610 704 690 747 sed
708 706 926 748 sententia
944 707 1042 764 ipsa
1061 708 1231 750 nemini·⁷
1242 713 1359 751 recte
1379 707 1478 766 pla-

3 757 140 806 cebit.
199 759 275 804 Sic
293 760 409 803 enim
428 761 508 804 hac
524 761 705 804 ratione
718 763 829 805 inita
845 763 940 821 Ap.
960 762 1181 821 disputat:
1217 779 1369 807 sumus
1393 765 1480 820 igi-

5 821 104 871 tur,
151 822 203 860 ut
230 813 461 870 christus,
509 818 556 860 in
594 819 799 874 sepulcro
835 818 1002 862 conditi
1038 835 1121 878 per
1149 835 1318 864 sacram
1345 822 1479 864 lotio-

3 887 104 917 nem
125 899 208 928 --‚
235 880 284 917 ut
304 873 474 918 Christi
496 876 693 933 exemplo
710 876 828 920 vitae
858 875 1023 918 redditi
1046 892 1200 920 novam
1217 878 1350 921 vitam
1374 893 1479 934 age·-

6 944 156 974 remus
185 934 249 988 (v.
266 931 351 986 4.).
416 930 532 974 Nam
552 932 592 974 si
616 933 785 987 coynati
812 933 1014 988 (similes)
1035 933 1201 977 Christo
1228 935 1479 978 exstitimus

3 989 66 1043 (s.
90 1002 187 1031 cum
207 1002 258 1031 eo
277 987 547 1042 coaluimus,
583 993 748 1031 arctam
776 990 1030 1033 societatem
1059 991 1294 1046 coivimus)
1319 991 1481 1034 simili-

5 1044 185 1100 tudine,
221 1059 334 1102 quae
362 1044 458 1104 ejus
485 1050 667 1088 mortem
700 1045 836 1100 (vitae
867 1047 1226 1103 procreatricem)
1253 1047 1482 1105 complexa

4 1104 77 1144 est
92 1102 170 1158 (h,
192 1115 233 1146 e.
263 1116 314 1144 eo
336 1100 454 1158 quod
469 1101 688 1158 baptismo
708 1102 880 1145 initiari
908 1118 989 1146 nos
1009 1104 1134 1162 passi
1161 1110 1345 1146 mortem
1366 1103 1480 1147 adii-

5 1170 104 1200 mus
133 1157 303 1202 Christi
334 1159 456 1212 neci,
499 1172 611 1214 quae
644 1158 780 1202 vitam
812 1160 1008 1218 peperit,
1045 1160 1282 1215 similem),
1325 1174 1481 1204 verum

7 1215 143 1257 etiam
171 1214 337 1258 reditus
365 1215 412 1257 in
429 1214 562 1258 vitam
583 1214 874 1259 similitudine
895 1217 1060 1260 Christo
1078 1218 1248 1273 coynuti
1275 1217 1481 1272 (similes)

5 1271 212 1315 erimus
247 1273 307 1326 (s.
337 1285 435 1314 cum
469 1285 520 1313 co
550 1272 868 1327 coalescemus,
916 1277 1036 1316 arcte
1069 1272 1331 1333 jungemur3
1379 1288 1482 1316 nam

4 1331 192 1370 mortem
211 1326 381 1370 Christi
406 1327 538 1371 morti
567 1328 757 1372 similem
782 1329 828 1372 in
857 1329 991 1372 vitam
1018 1330 1247 1373 restitutio
1266 1336 1483 1386 sequatur

5 1397 190 1428 necesse
209 1385 300 1439 est)
320 1398 362 1428 v.
381 1383 448 1438 5.,
485 1398 628 1441 neque
652 1390 798 1428 vetera
824 1390 977 1429 nostra
998 1390 1044 1428 et
1061 1387 1235 1444 impura
1257 1386 1404 1429 studia
1431 1387 1481 1429 in

4 1454 179 1484 crucem
199 1439 372 1483 sublata
391 1455 491 1484 esse
510 1441 763 1495 ignoramus
786 1444 848 1498 (v.
869 1444 910 1485 6.
922 1442 1155 1497 7.),‘unde
1176 1443 1219 1485 in
1242 1457 1396 1486 novam
1413 1444 1481 1486 vi-

5 1501 96 1540 tam
121 1496 294 1540 reditus
324 1496 616 1547 similitudine
644 1512 724 1541 nos
751 1499 1057 1554 cognationem
1084 1513 1180 1541 cum
1201 1499 1381 1543 Christo
1401 1500 1481 1542 ha-

2 1553 179 1598 bituros
208 1553 525 1610 (arctissimam
561 1568 659 1597 eum
688 1568 740 1597 eo
773 1556 1028 1623 societatem
1053 1555 1268 1611 inituros)
1298 1570 1398 1599 esse
1423 1557 1482 1599 li-

3 1615 128 1669 quet.
184 1609 312 1667 Quae
332 1609 575 1669 disputatio
599 1611 680 1654 hoc
698 1610 807 1654 vitio
825 1611 1015 1664 laborat,
1038 1611 1153 1668 quod
1174 1613 1396 1670 oppetita,
1425 1611 1481 1655 de

4 1668 93 1726 qua
104 1666 158 1713 Ρ.
177 1668 392 1725 loquitur,
412 1682 531 1710 mors
551 1681 637 1710 non
658 1667 827 1724 magica
846 1668 890 1712 vi
902 1682 1053 1711 novam
1073 1669 1206 1712 vitam
1218 1672 1280 1725 (v,
1293 1668 1484 1724 5.-7.)

3 1724 149 1781 gignit
168 1725 234 1780 (h.
252 1739 292 1769 e.
322 1723 439 1782 quod
465 1739 591 1767 sacra
618 1725 728 1767 lotio
757 1725 830 1782 pie
851 1729 985 1782 atque
1002 1724 1187 1768 honeste
1205 1724 1382 1768 vivendi
1399 1739 1479 1768 ne-

4 1781 260 1825 cessitatem
291 1780 470 1824 initiato
500 1780 681 1825 minime
706 1782 918 1839 imponit)
946 1796 1087 1837 neque
1118 1781 1356 1838 quidquam
1385 1784 1484 1840 Ap.

3 1841 100 1881 toto
119 1838 154 1881 l.
175 1838 294 1893 agit,
330 1836 419 1879 nisi
441 1841 492 1879 ut
517 1842 776 1892 argumento
801 1851 825 1879 a
847 1837 1059 1894 baptismi
1074 1838 1119 1881 vi
1139 1843 1183 1879 et
1201 1852 1334 1880 sensu
1355 1852 1485 1896 repe-

3 1895 89 1938 tito
108 1893 298 1936 lectores
318 1892 375 1935 ad
394 1893 574 1936 virtutis
595 1893 791 1935 studium
820 1894 1074 1949 compellat.
1139 1893 1324 1936 Rectius
1343 1895 1484 1950 igitur

5 1950 163 1994 mortis
179 1948 349 1993 Christi
368 1948 702 1992 similitudinem
723 1950 768 1992 in
785 1964 836 1992 eo
856 1949 1185 2003 collocabimus,
1207 1950 1325 2007 quod
1341 1956 1483 1994 morto

8 2007 155 2049 affecti
174 2005 313 2048 simus
334 2004 504 2059 Christi
525 2006 621 2048 neci
638 2007 791 2059 simili,
832 2021 962 2063 quum
985 2006 1155 2050 Christi
1175 2021 1326 2062 corpus
1343 2008 1483 2051 inter-

5 2065 170 2108 fectum
197 2063 359 2115 fuerit,
394 2066 639 2104 nostrorum
657 2064 893 2106 studiorum
919 2064 1181 2118 peruersitas
1204 2064 1336 2106 morti
1356 2063 1482 2107 addi-

4 2124 78 2164 cta
96 2119 157 2162 sit
175 2121 238 2176 (v.
258 2133 300 2163 v,
320 2121 365 2163 4.
396 2123 441 2160 et
462 2118 612 2171 Chrys.
635 2123 680 2161 et
705 2111 954 2175 Theopbyl.)
974 2122 1020 2161 et
1038 2118 1256 2177 Futurum
1275 2117 1480 2174 ἐσόμεθα

6 2176 64 2220 ad
88 2177 361 2220 voluntatem
390 2174 613 2230 animique
639 2177 915 2234 propositum
942 2176 1185 2219 referemus
1213 2176 1258 2221 h.
1281 2191 1345 2221 r.:
1363 2205 1365 2207 ·
1383 2179 1482 2233 (sn—

5 2247 103 2277 mus
121 2233 288 2289 igitur,
316 2236 375 2276 'ut
397 2231 602 2275 Christus
616 2264 628 2285 ,
668 2247 799 2289 quum
827 2232 1153 2290 baptizaremur
1175 2258 1224 2265 —
1246 2234 1413 2291 sepulti
1433 2237 1484 2276 ut

7 2289 252 2333 servatoris
268 2289 472 2346 exemplo
490 2288 535 2331 in
557 2288 689 2331 vitam
712 2290 915 2332 restituti
944 2305 971 2332 η
984 2304 1039 2332 ov
1052 2304 1131 2332 am
1156 2290 1294 2332 vitam
1314 2291 1484 2334 vivere-

9 2361 108 2390 mus
124 2359 166 2390 ν.
182 2346 267 2401 4.).
324 2345 441 2389 Nam
460 2345 501 2387 si
521 2359 614 2388 cum
632 2345 797 2389 Christo
817 2346 1051 2389 coaluimus
1071 2346 1292 2402 (intimam
1311 2360 1408 2389 cum
1427 2360 1481 2390 eo

9 2402 266 2446 societatem
287 2402 592 2453 conflavimus3
621 2417 698 2445 seu
711 2403 848 2446 mavis
871 2403 1174 2458 cognationem
1194 2407 1289 2445 cum
1311 2417 1362 2446 eo
1384 2417 1484 2446 sus-

7 2459 220 2518 cepimus,
241 2458 336 2519 ejus
357 2457 690 2502 similitudinem
711 2460 1038 2517 expressimus)
1058 2459 1347 2503 similitudine
1368 2470 1484 2503 mor·-

8 2517 105 2570 tis,
131 2530 259 2572 quam
287 2517 399 2560 obiit
428 2515 494 2571 (h.
521 2530 562 2559 e.
594 2530 645 2558 eo
677 2518 792 2573 quod
825 2517 1034 2558 similiter
1060 2522 1192 2572 atque
1222 2517 1300 2559 ille
1322 2515 1487 2559 mortui

2 2587 168 2632 fumus
183 2586 226 2616 v.
246 2572 338 2629 4.),
360 2586 520 2630 *verum
551 2573 682 2615 etiam
703 2575 866 2617 reditus
883 2573 929 2614 in
945 2573 1078 2615 vitam
1103 2571 1392 2616 similitudine
1413 2587 1486 2616 so·-

10 2629 343 2672 cietatemcum
373 2643 423 2672 eo
452 2627 689 2684 fiece‘emus,
737 2632 811 2675 miv
847 2632 1000 2674 mctbcn
1028 2631 1099 2674 mit
1133 2630 1215 2685 ibm
1249 2633 1487 2684 hermachseu

10 2694 49 2732 m
62 2690 161 2733 olle
174 2692 200 2730 η’
230 2685 318 2743 (ad,
339 2685 642 2741 cognationem
660 2689 755 2728 cum
777 2700 828 2728 eo
841 2684 1111 2746 jungendam
1130 2687 1277 2743 parati
1290 2687 1488 2738 'erimus;

12 2754 118 2799 ergo
148 2746 200 2786 ut
233 2743 537 2788 reviviscamus
566 2743 836 2800 curabimus)
872 2742 983 2843 VIA&
1018 2756 1163 2841 {eque
1195 2748 1379 2788 veterem
1409 2755 1487 2784 no-

964 2812 990 2840 a
