1752 3347
518 104 608 147 CA
625 103 674 147 P.
714 100 794 146 Vl.
841 100 874 143 V
895 116 933 144 s.
967 100 1049 142 16..
1434 91 1520 134 4113

45 216 289 273 terpretum
312 212 404 268 Ap.
433 226 472 255 v,
507 225 588 252 non
622 212 960 265 assequutorum
997 206 1238 247 commenta
1266 212 1522 242 commemo—

46 287 153 315 rem.
227 268 374 310 Voces
408 261 506 322 ἤτοι
528 292 582 298 -
606 261 655 322 ἤ,
702 272 750 307 ut
779 266 821 309 h.
844 265 899 317 l.‚
941 276 1073 320 saepe
1092 261 1436 316 componuntur3
1480 270 1523 299 v.

45 328 197 371 Herm.
228 323 283 365 ad
314 323 421 376 Vig.
452 337 495 379 p.
528 322 628 365 785.
668 327 710 364 et
746 321 955 363 nonnulla
992 320 1024 362 l.
1058 315 1174 373 apud
1208 314 1524 369 Jlartnnyium:

45 385 158 437 ssebte
183 394 258 426 oon
281 383 353 424 ben
374 380 573 433 vertite-In
597 382 632 421 b.
654 381 788 433 gued).
809 381 917 431 &mm
941 375 1005 430 ΙΙ,
1025 376 1124 417 357.
1156 374 1239 419 (ξεί.
1261 371 1387 414 1833.
1428 368 1524 411 Va-

47 454 101 482 na
133 443 329 481 veterum
367 435 745 491 grammaticorum
785 435 959 491 opinio,
1008 431 1167 488 quibus
1195 427 1267 470 τοί
1296 426 1526 469 videbatur

46 487 520 551 παραπληρωματικόν
579 491 649 545 (v.
690 490 887 531 Thomas
938 488 1001 533 M.
1037 503 1080 545 p.
1111 487 1214 528 427.
1253 484 1526 537 Bormum),

48 551 263 595 extabuit.
351 550 434 591 Est
485 547 622 601 igitur
672 540 795 602 ἤτοι
842 571 899 576 ——
950 540 976 600 ἤ
1017 548 1094 586 ant
1139 555 1266 583 scene
1313 542 1525 593 (entmcbct

48 608 253 662 Ῐίώευίίῲ)
283 630 338 636 -
365 608 465 656 (lect,
493 607 543 657 ut
572 602 644 646 τοί
673 601 959 644 asseverandi
978 601 1021 644 vi
1047 600 1228 656 polleat.
1298 596 1527 639 J'assom‘ns

47 664 160 710 Lex.
182 678 251 719 gr.
271 660 353 704 snb
374 674 477 703 voce
502 655 601 716 ἤτοι
630 658 701 703 ed.
721 659 766 702 4.
787 663 831 700 et
852 660 1070 712 Ilcertnny.
1093 658 1122 698 l.
1146 670 1183 699 c.
1211 669 1255 711 p.
1276 652 1375 719 Ξὸὃ.
1395 667 1525 695 vocu-

0 722 4 736 ”
47 723 117 765 lae
135 719 208 764 τοί
228 716 490 762 excludendi
511 721 776 774 potestatem
796 716 1037 775 subjiciunt
1064 706 1188 768 (istoc
1211 737 1260 741 —
1282 727 1307 766 η
1331 709 1360 755 i.
1386 724 1428 765 q.
1449 712 1526 750 aut

48 776 361 827 tantummodo,
403 778 593 818 entmeoet
626 787 742 828 nur„
782 798 833 804 —-
882 775 988 825 aut)
1025 768 1142 826 quod
1179 767 1323 809 minus
1365 769 1528 824 placet.

0 832 5 856 ³
40 832 286 888 Ἱ’πακοῆς]
336 830 483 887 Quum
505 835 730 888 peccatum
758 828 871 884 legis
900 829 991 870 sive
1013 826 1187 870 divinae
1207 825 1298 866 sive
1318 824 1530 866 humanae

3 1455 5 1459 .
0 1402 6 1445 Ψ.
0 1319 6 1402 r—r-s
0 1071 7 1340 *ru—q—‚fi-ffxw-ssrss,
0 1013 6 1056 rh*
3 1000 5 1003 .
0 948 5 990 ...-
0 900 5 933 ἡ-

52 889 271 946 neglectio
310 889 370 930 sit
399 901 448 928 ac
481 887 665 944 proinde
704 886 972 929 contumacia
1008 880 1247 939 (ἀπείθεια
1280 880 1393 938 Eph.
1416 882 1464 933 2,
1484 881 1530 923 2.

51 948 182 990 Rom.
205 947 282 997 11,
301 945 373 989 30.
397 944 489 1000 sq.)
522 944 666 986 animo
699 948 818 985 recte
846 942 1133 992 informetur,
1172 939 1288 981 vitae
1316 937 1530 979 sanctitas

52 1008 98 1046 et
122 1001 310 1059 cogitari
339 1006 382 1043 et
411 1002 656 1059 nuncupari
693 1003 842 1058 potest
870 999 975 1054 leye's
1016 996 1256 1052 obsequium
1293 990 1532 1051 (ὑπακοή).

54 1059 163 1106 Jure
192 1059 332 1115 igitur
358 1059 453 1116 Ap.
479 1063 683 1114 pecc-(cio,
735 1071 818 1114 quo
860 1055 1071 1099 adversus
1102 1053 1247 1094 Demn
1275 1065 1533 1106 consurgas,

55 1115 336 1160 obedientiam
363 1130 419 1157 ex
451 1114 634 1157 adverso
665 1115 814 1172 ponit,
853 1128 981 1170 quam
1001 1110 1226 1153 doctrinae
1246 1108 1332 1152 div.
1386 1122 1533 1149 raece-

84 1173 144 1215 tis
186 1172 435 1229 obsequens
466 1171 565 1213 Deo
592 1175 794 1229 praestes
819 1173 881 1227 (v,
908 1185 948 1214 v,
972 1170 1041 1212 17.
1070 1168 1127 1211 cl.
1159 1169 1182 1208 l
1210 1166 1329 1208 Petr.
1388 1198 1399 1217 ‚
1425 1165 1534 1217 17.).

53 1189 154 1276 gam
166 1224 383 1284 Ἀμαρτία
411 1232 455 1269 et
475 1223 678 1284 Ὑπακοή
706 1242 785 1285 per
812 1225 1179 1284 prosopopoeiam
1204 1237 1419 1281 personae
1439 1222 1482 1265 h.
1500 1222 1534 1264 l.

1588 940 1658 1003 &N

53 1286 337 1330 inducuntur.
376 1285 576 1327 Ministri
598 1300 748 1326 sumus
770 1283 944 1327 Peccati
965 1297 1095 1340 quum
1122 1296 1234 1338 quae
1259 1279 1536 1323 Gontmmoeia
1587 1304 1609 1318 κ

53 1345 100 1387 in
139 1343 283 1386 Deum
319 1342 505 1384 consilia
545 1342 852 1384 subministrat
890 1340 1196 1396 exsequimur3
1245 1341 1396 1378 contra
1429 1335 1536 1377 Obe-

55 1400 242 1443 diente‘ae
260 1398 360 1441 Deo
383 1398 674 1457 praestandae
696 1398 888 1440 ministri
909 1412 1058 1439 sumus
1080 1411 1211 1451 quum
1232 1393 1418 1435 facimus
1438 1391 1536 1433 Deo

56 1455 368 1500 obedientibus
395 1456 569 1499 decora.
641 1454 801 1512 Itaque
827 1459 1004 1512 praeter
1035 1467 1126 1494 rem
1156 1450 1346 1493 formula
1379 1448 1537 1491 δοῦλον

54 1507 169 1556 εἶναι
192 1511 416 1569 οΥποεκοῆς
446 1513 727 1555 vehementer
760 1512 918 1554 offensi
947 1515 1050 1552 sunt
1081 1508 1239 1551 Morus
1268 1510 1311 1549 et
1341 1505 1535 1548 Boehm..

4 1586 6 1593 ⁴
56 1568 242 1614 Rectius
263 1569 345 1611 hoc
364 1569 448 1611 tibi
467 1569 773 1624 inconcinnum
794 1569 1010 1622 videatur,
1042 1564 1161 1623 quod
1180 1579 1311 1621 quum
1332 1561 1396 1612 εἷς
1415 1557 1537 1604 ὓπα-

5 1633 7 1637 ’
57 1627 186 1682 κοήη,
229 1625 284 1667 ad
310 1626 426 1682 quod
452 1631 672 1684 spectaret
693 1626 727 1682 ᾡ
748 1621 1014 1671 ὑπακούετε,
1055 1623 1434 1678 alia-instructum
1457 1633 1537 1675 po-

6 1708 7 1716 1
56 1686 217 1725 testate
244 1683 586 1739 praecessisset,
632 1687 778 1724 tamen
806 1682 901 1738 Ap.
933 1680 1093 1722 δοῦλον
1121 1679 1233 1720 εἶναι
1254 1675 1538 1731 “Υπακοῆς

5 1758 7 1781 2
55 1739 322 1782 exaraverit.
391 1738 482 1782 Sed
504 1739 710 1781 nimirum
731 1736 984 1796 hujusmodi
1006 1734 1240 1777 verborum
1260 1731 1536 1775 acuminibus

57 1810 163 1838 suae
202 1795 393 1837 orationi
429 1795 501 1837 vel
535 1796 731 1850 leporem
772 1794 844 1835 vel
886 1792 974 1834 vim
1015 1791 1250 1832 conciliare
1288 1787 1437 1831 studet
1466 1786 1539 1831 Ρ..

58 1851 369 1909 ῷιιειῐιῐιιηιῐθίὶ
405 1849 717 1892 detrimentum
748 1848 927 1891 Peccati
967 1847 1223 1903 obsequium
1261 1848 1467 1902 apportet
1495 1850 1541 1886 et

57 1908 400 1951 emolumentum
429 1905 721 1947 Obedientiae
755 1904 1048 1946 ministerium
1080 1904 1236 1945 afferat
1264 1903 1400 1944 obiter
1431 1902 1473 1943 h.
1505 1902 1540 1945 l.

60 1967 154 2023 Ap.
172 1966 386 2006 memorat
411 1962 561 2005 verbis
592 1961 656 2012 εἷς
676 1960 872 2003 θάνατον
900 1964 943 2002 et
968 1958 1031 2009 εἷς
1057 1955 1339 2013 δικαιοσύνην
1363 1961 1424 2011 (v.
1446 1962 1538 2003 not.

58 2021 116 2064 ad
148 2035 189 2065 v.
212 2020 319 2074 l5.).
379 2017 444 2069 εἷς
472 2015 688 2075 θάνατον]
720 2018 944 2060 Omittunt
973 2017 1077 2058 haec
1114 2030 1233 2059 voce.
1260 2015 1321 2059 D.
1349 2014 1403 2058 E.
1434 2014 1539 2071 Syr.

58 2078 165 2136 Erp.
186 2076 306 2121 Clar.
327 2076 611 2131 Germ.Aug.
627 2080 671 2117 ct
692 2074 880 2132 fortasse
898 2077 1018 2129 (nam
1040 2088 1112 2115 res
1132 2073 1301 2114 incerta
1321 2073 1410 2127 est)
1430 2071 1538 2116 Rus.

7 2159 10 2167 ·
59 2136 106 2178 in
127 2137 374 2177 comment..
440 2132 589 2175 Miluo
621 2131 744 2176 Prol.
774 2135 815 2186 ξ.
835 2131 937 2174 448.
968 2128 1065 2184 „823
1094 2127 1292 2171 θάνατον
1321 2128 1537 2188 adjectum

61 2191 237 2236 videtur
264 2190 537 2233 antitheseos
567 2204 722 2241 causa,
768 2192 817 2230 ut
846 2191 967 2230 esset
996 2186 1113 2243 quod
1141 2185 1431 2243 responderet
1461 2185 1540 2242 τῷ,

63 2247 130 2298 εἰς
160 2245 443 2303 δικαιοσύνην
478 2247 523 2289 in
554 2247 640 2288 fine
674 2245 864 2288 versus”
903 2244 1215 2302 persuasitque
1247 2242 1540 2294 Gre'esbaclcio,

63 2305 232 2360 Koppe’o
259 2307 304 2346 et
330 2303 549 2347 Rosenm..
625 2301 716 2346 Sed
741 2301 880 2344 Milm
905 2301 1100 2359 suspicio
1135 2302 1204 2342 vel
1229 2314 1310 2356 per
1341 2314 1387 2341 se
1413 2298 1539 2341 valde

63 2361 370 2419 improbabilis
390 2365 474 2403 est.
542 2358 767 2403 Credibile
791 2363 860 2402 est
879 2359 1019 2412 enim,
1055 2358 1400 2415 interpolatores
1424 2355 1543 2414 ejus-

64 2417 183 2461 modi
216 2432 388 2470 vocem,
437 2421 487 2459 ut
525 2416 766 2458 antithesin
807 2415 1053 2468 efficerent,
1101 2415 1347 2456 inserturos
1387 2413 1542 2462 fuisse,

10 2509 11 2513 ,
65 2490 178 2532 quae
206 2474 353 2517 verbis
396 2470 460 2522 εἷς
496 2470 777 2528 δικαιοσύνην
812 2476 964 2514 exacte
1001 2470 1269 2529 respondere
1301 2469 1542 2521 videretur,

65 2547 151 2574 non
170 2529 391 2591 ejusmodi
416 2530 617 2572 voculam
644 2528 892 2582 addidisse,
931 2544 1042 2586 quae
1071 2543 1156 2585 quo
1171 2528 1272 2587 jure
1300 2527 1447 2570 verbis
1478 2525 1543 2576 εἷς

67 2588 349 2642 δικαιοσύνην
365 2586 528 2644 opponi
550 2587 793 2643 potuisset,
832 2586 886 2628 ab
907 2585 1226 2643 interpretibus
1254 2599 1429 2642 semper
1449 2583 1541 2625 dis-

68 2648 266 2711 pu'tatum
287 2648 371 2687 est.
430 2641 550 2698 Quin
572 2642 713 2685 Milli&
731 2642 846 2685 ratio
867 2642 930 2684 sic
947 2642 1204 2685 invertenda
1224 2647 1315 2695 est,
1346 2647 1395 2683 ut
1414 2656 1454 2684 v.
1476 2638 1541 2688 εἷς

11 2711 13 2716 ’
65 2707 263 2742 θανατον
293 2700 394 2756 quia
426 2699 573 2743 verbis
611 2699 829 2757 oppositis
857 2714 943 2742 non
980 2699 1245 2757 respondere
1284 2698 1541 2742 viderentur

67 2757 284 2800 exstincta
308 2771 405 2800 esse
437 2761 644 2813 putemus
672 2756 876 2812 (lineola,
912 2756 1102 2813 Reichq.
1167 2756 1310 2807 Docet
1336 2755 1450 2798 enim
1476 2753 1539 2794 Ιιῖ-

1597 1468 1665 1515 *N
