1752 3347
0 0 6 78 ἰ

0 168 3 212 j

0 227 5 332 f

0 304 7 427 ἔ

549 146 641 190 CA
658 145 711 192 P.
744 147 806 192 V.
850 149 944 195 Va.
976 148 1065 193 18..
1473 152 1559 194 339

89 250 331 305 Gal.6,10.
352 253 518 311 Eph.2,
533 255 601 298 19.
615 256 713 307 ah).
772 255 860 298 Sed
880 270 965 299 non
984 257 1071 299 nisi
1092 270 1146 300 cx
1171 256 1230 299 iis
1251 258 1416 313 colligi,
1446 273 1558 315 quae

86 323 126 352 ν.
149 311 220 353 16.
240 315 286 352 et
306 312 375 354 17.
398 312 627 353 enuntiata
645 316 773 365 sunt,
803 328 957 356 versus
981 314 1049 358 18.
1067 321 1370 369 argumentum
1397 320 1441 357 et
1459 330 1556 358 ver-

83 364 140 407 ba
170 364 293 424 ipsa,
339 367 394 409 ad
423 382 472 410 ea
501 369 849 422 accommodata,
899 386 1012 427 quae
1040 386 1106 415 vs,
1139 373 1208 415 16.
1237 373 1306 416 17.
1332 373 1556 427 leguntur,

83 421 404 467 demonstrant.
472 424 602 467 Unde
629 427 847 468 falluntur
874 434 919 468 et
948 428 1024 484 qui
1053 428 1125 469 hle
1156 427 1370 485 apodosin
1397 444 1462 473 vs.
1485 431 1554 474 12.

81 479 307 521 invenisse
327 480 416 521 sibi
434 481 516 523 visi
537 487 641 523 sunt
660 486 723 537 (v.
738 488 829 525 not.
842 483 948 527 adv.
965 486 1031 528 12.
1045 500 1088 541 p.
1099 485 1198 527 288.
1208 487 1238 535 ),
1256 490 1301 526 et
1322 487 1397 541 qui
1416 492 1554 528 totam

79 533 150 576 dis
184 536 427 577 tutationem
446 550 487 579 v.
500 538 569 579 12.
583 551 681 592 sqq.
699 538 741 580 h.
762 539 794 582 1.
817 539 862 580 in
881 555 1092 581 summam
1114 541 1307 582 conferri
1328 547 1555 597 putarunt,

0 615 9 638 ι
79 595 130 633 ut
205 590 302 647 clf..
383 590 501 634 Sane
534 593 759 646 potissima
797 596 1103 650 praecedentis
1131 595 1448 653 disputationis
1482 613 1556 640 ca-

5 645 8 651 “
77 647 171 706 pita
208 647 291 689 hoc
314 662 382 692 vs.
411 648 718 693 continentur:
766 665 865 692 nam
902 657 994 694 tum
1036 652 1281 695 similitudo
1319 655 1553 711 utriusque

76 703 249 747 Adami
269 704 314 746 in
335 719 387 746 eo
406 706 552 762 posita
567 738 579 758 ,
610 706 728 761 quod
747 712 933 764 uterquc
954 709 1139 751 omnium
1164 709 1380 753 hominum
1410 710 1554 768 fortu-

75 775 180 804 nam
196 762 441 804 moderatus
459 762 516 804 sit
539 775 578 806 v·
593 764 811 807 12.-—14.
826 797 838 816 ,
869 779 923 806 cx
948 764 1027 807 hoc
1047 779 1113 808 vs,
1132 767 1427 820 cognoscitur,
1459 772 1552 811 tum

7 820 9 823 ’
76 815 461 860 dissimilitudinis
492 819 607 861 ratio
633 821 874 876 primaria,
922 821 968 863 in
1006 821 1086 863 hoc
1126 823 1237 875 sita,
1280 824 1396 880 quod
1426 825 1552 883 prior

75 873 282 917 Adamus
314 875 506 931 improbe
540 876 660 933 facto
697 883 902 931 mortem,
949 879 1176 936 posterior
1206 879 1409 923 Adamus
1449 883 1553 924 bene

73 930 196 989 facto
214 933 348 975 vitam
366 933 569 975 omnihus
589 933 841 976 hominibus
863 935 1070 978 attulerit
1085 951 1127 979 v.
1150 938 1218 980 16.
1243 939 1336 981 17.;
1364 937 1445 980 sed
1471 939 1552 983 illa

75 1002 99 1030 e
117 1004 155 1032 v.
180 991 248 1032 16.
271 991 342 1033 17.
359 989 631 1046 Apostolum
650 990 833 1034 duxisse
852 1006 940 1034 non
960 992 1313 1036 animadversum
1335 1001 1418 1039 est.
1458 994 1552 1037 Ne-

106 1059 159 1088 ue
188 1045 323 1100 Wolfio·
350 1047 600 1104 opinionem
629 1047 834 1107 adjuvat,
876 1049 993 1105 quod
1022 1048 1076 1094 P.
1101 1064 1143 1095 V.
1165 1052 1234 1095 18.
1258 1056 1303 1092 et
1323 1053 1394 1095 19.
1425 1067 1551 1095 suam

73 1060 128 1145 de
147 1103 383 1160 utriusque
403 1103 571 1147 Adami
598 1110 643 1146 et
672 1105 963 1148 similitudine
992 1111 1037 1148 et
1064 1106 1430 1151 dissimilitudine
1458 1108 1550 1152 dis-

71 1161 343 1218 putationem
363 1161 598 1206 conclusit.
654 1162 792 1205 Recte
821 1163 936 1205 enim
966 1163 1047 1206 hoc
1071 1165 1200 1218 fecit,
1241 1166 1346 1222 quia
1373 1171 1550 1208 senten-

71 1217 165 1260 tiae
184 1232 208 1259 e
227 1233 266 1260 v.
291 1219 361 1261 16.
385 1219 455 1262 17.
477 1219 656 1277 effectae
683 1221 989 1276 praecipua
1017 1221 1251 1264 institutae
1279 1221 1549 1280 disputatio-

70 1274 143 1316 nis
173 1274 319 1332 capita
345 1277 716 1333 complectuntur.
748 1302 800 1308 —
843 1270 963 1333 ’Ἀρά
991 1272 1068 1320 οὖν
1097 1304 1154 1310 -
1179 1277 1245 1329 εἷς
1272 1277 1545 1336 κατάκριμα]

71 1330 127 1375 F.
149 1330 206 1375 G.
225 1332 298 1374 37.
317 1331 391 1375 46.
411 1327 498 1389 ἄρα
526 1327 604 1374 οἷν
632 1330 690 1382 ὡς
719 1331 778 1375 δι’
808 1329 905 1383 ἑνὸς
935 1335 1027 1389 [46.
1049 1332 1314 1392 ἀνθρώπου]
1344 1334 1404 1377 τὸ
1437 1352 1549 1377 πα-

72 1403 98 1445 ρ
112 1387 349 1440 άπτωμα
378 1387 443 1439 εἰς
460 1388 629 1439 πάντας
649 1387 918 1445 ἀνθρώπους
938 1389 1004 1439 εἷς
1028 1391 1280 1446 κατάκριμα
1307 1392 1429 1447 (scil.
1453 1391 1548 1446 ἐγέ-

69 1445 207 1499 νετο).
241 1447 249 1501 Ι
283 1444 366 1488 Mt.
385 1444 429 1488 h.
449 1460 489 1488 e.
522 1440 609 1501 ἒὶρα
645 1440 719 1487 οἶτν
748 1442 806 1495 ὡς
843 1443 906 1487 δι’
937 1443 1035 1496 ἐνὸς
1072 1446 1441 1503 παραπτώματος
1482 1446 1549 1499 εἰς

71 1497 243 1551 πάντας
280 1498 545 1556 ἀνθρώπους
583 1499 820 1557 sigma.-
858 1501 919 1543 τὸ
958 1500 1242 1558 κατάκριμ
1257 1520 1300 1548 α.
1338 1530 1391 1537 —
1430 1505 1548 1547 οὕτω

70 1555 287 1608 καί-εἷς
307 1555 540 1600 δικαίωσιν
562 1557 693 1613 ζωῆς]
723 1556 850 1601 D.E.
910 1589 923 1602 .
943 1556 1060 1600 οὕτω
1081 1561 1156 1601 καὶ
1177 1557 1231 1601 δι’
1254 1557 1352 1610 ἑνὸς
1379 1560 1441 1603 τὸ
1470 1562 1547 1604 δι-

70 1611 290 1667 καίωμα
308 1613 380 1668 [F.
397 1615 487 1657 καὶ
517 1611 804 1667 δικαίωμα
823 1614 887 1656 sic
938 1610 1004 1664 εἷς
1023 1610 1186 1665 πάντας
1200 1615 1463 1672 ἀνθρώπους
1482 1616 1550 1668 εἷς

69 1668 304 1714 δικαίωσιν
337 1670 465 1727 ζωῆς.
530 1669 630 1713 Hae
659 1670 872 1714 lectiones
899 1671 1185 1713 librariorum
1214 1677 1290 1714 aut
1309 1675 1549 1716 correctio-

69 1741 149 1770 nes
168 1732 299 1782 sunt,
324 1727 486 1785 quihus
505 1732 798 1781 structuram,
828 1743 941 1785 quae
968 1729 1092 1771 nulla
1120 1730 1326 1784 vulgatae
1354 1732 1548 1789 scriptu·-

68 1798 147 1827 rae
173 1784 321 1827 inesse
350 1783 607 1839 videbatur,
646 1785 938 1828 restituerent
984 1790 1061 1828 aut
1097 1787 1302 1843 opinatae
1339 1789 1547 1843 vulgatae

67 1841 273 1884 lectionis
300 1840 602 1885 enodationes.
668 1841 840 1899 Nempe
875 1842 1075 1885 Calvinus
1108 1857 1282 1899 quoque
1323 1850 1546 1902 receptam

69 1897 337 1956 scripturam
357 1898 422 1940 sic
440 1898 606 1940 resolvi
624 1912 756 1955 posse
770 1930 782 1949 ,
811 1901 860 1939 ut
877 1899 926 1939 in
945 1898 1001 1941 G.
1022 1898 1184 1939 factum
1206 1904 1297 1952 est,
1326 1901 1414 1942 sibi
1442 1916 1546 1959 per-

70 1954 214 1998 suasit
241 1960 286 1997 et
316 1953 484 2010 Syrus,
523 1969 656 2010 quum
683 1955 908 2008 vulgatam
940 1954 1207 2011 scripturam
1235 1956 1446 2011 liberius,
1495 1963 1548 2000 ut

70 2010 271 2064 videtur,
299 2015 597 2064 converteret,
626 2011 672 2052 in
698 2011 849 2077 priore
877 2010 1070 2053 membro
1098 2011 1215 2068 quod
1241 2012 1324 2057 Mt.
1342 2013 1385 2058 h.
1406 2029 1446 2058 e.
1467 2014 1547 2056 ha-

69 2069 176 2111 bent
197 2067 448 2126 expressit,
476 2067 522 2109 in
543 2073 793 2125 posteriore
810 2068 915 2110 haec
936 2081 977 2111 v.
998 2082 1154 2122 graeca
1177 2069 1397 2114 reddidit:
1428 2067 1545 2113 οὕτω

72 2122 134 2167 δι’
164 2120 262 2174 ἑνός
295 2121 597 2178 δικαιώματος
634 2122 701 2174 εἷς
739 2121 908 2174 πάντας
946 2120 1209 2180 ἀνθρώπους
1245 2126 1545 2177 δικαίωσις

76 2182 233 2236 ζωῆς.
299 2180 498 2233 Grotius,
545 2180 689 2237 Kopp.
720 2183 779 2225 ai.
821 2182 866 2223 in
906 2187 1006 2224 utro
1042 2196 1094 2224 ue
1137 2183 1331 2226 membro
1371 2181 1543 2239 ἐγένετο

69 2240 120 2295 (1
139 2237 244 2282 Cor.
265 2237 336 2291 15,
351 2236 444 2292 45.)
474 2242 618 2280 mente
637 2237 905 2297 adjecerunt,
921 2239 1011 2281 Boe
1040 2253 1099 2281 m.
1119 2253 1190 2282 res
1210 2241 1339 2283 vertit
1368 2240 1398 2284 i.
1420 2254 1461 2283 e.
1489 2238 1541 2281 τὸ

71 2295 250 2352 πρᾶγμα
268 2292 461 2350 ἐγένετο,
497 2294 605 2338 Win.
626 2309 694 2350 gr.
716 2311 761 2353 p.
781 2296 884 2339 470.
902 2294 1202 2351 μεταβέβηκεν
1219 2311 1289 2339 res
1306 2297 1447 2349 cessit,
1465 2296 1543 2339 ab-

69 2352 124 2394 iit
140 2352 187 2394 t'n
202 2376 283 2394 -—.
342 2349 542 2407 Quorum
560 2353 823 2395 sententiam
843 2352 947 2394 olim
967 2351 1196 2409 probatam
1218 2367 1330 2395 nunc
1359 2352 1545 2411 repudio

70 2413 304 2475 propterea
318 2440 331 2461 ‚
361 2408 463 2464 quia
482 2408 577 2467 Ap.
598 2409 679 2451 hoc
697 2424 763 2454 vs.
787 2424 811 2452 e
835 2423 875 2453 v.
890 2410 958 2453 16.
972 2410 1041 2452 17.
1062 2415 1413 2463 argumentatur.
1459 2409 1545 2451 Est

71 2465 212 2520 lgitur
239 2479 294 2507 ex
320 2465 391 2506 his
416 2479 507 2518 vs„
546 2470 592 2507 et
621 2466 798 2523 quidem
825 2481 849 2508 e
875 2480 917 2510 v.
937 2467 1032 2518 16.,
1076 2466 1154 2522 qui
1184 2466 1424 2522 primarius
1456 2471 1543 2519 est,

71 2532 224 2564 manca
243 2522 386 2564 oratio
401 2522 615 2578 explenda
629 2557 641 2576 ,
669 2528 719 2565 ut
740 2524 852 2566 male
874 2523 1084 2580 suppleas
1108 2516 1286 2579 ἧλθενὴ
1307 2519 1545 2578 κατάρα-

71 2575 212 2631 ἦλθεν
231 2575 256 2635 ἡ
272 2577 400 2632 χάρις
419 2579 714 2635 (Theopleyl.)‚
746 2577 952 2636 εῑςῆλθεν
975 2574 1002 2636 ἡ
1033 2574 1229 2635 ἁμαρτία
1257 2605 1307 2612 -
1337 2577 1544 2636 εἷςῆλθεν

69 2635 100 2692 ἡ
124 2632 252 2692 χάρις
283 2635 522 2690 (Erasm.),
574 2636 759 2691 διῆλθεν
788 2632 811 2676 ὸ
843 2631 1041 2683 θάνατος
1064 2635 1334 2692 -·διῆλθεν
1359 2631 1393 2705 ἡἱ
1413 2632 1544 2702 χάρις

19 2698 21 2703 “
70 2693 267 2761 (Zeyfr.)
287 2695 332 2734 et
349 2691 598 2759 hujusmodi
619 2693 723 2736 alia.
779 2692 875 2734 Imo
897 2691 941 2733 in
962 2692 1111 2749 priore
1129 2692 1319 2735 membro
1338 2708 1362 2734 τ
1376 2708 1399 2734 ο
1431 2707 1490 2747 κρ
1504 2707 1543 2732 ι-

72 2763 145 2815 μα
175 2763 370 2805 εγενετο,
402 2763 447 2791 111
475 2750 723 2806 posteriore
750 2746 800 2790 τὸ
827 2745 1024 2801 χάρισμα
1056 2750 1115 2804 (s.
1144 2747 1195 2790 τὸ
1215 2746 1420 2806 δώρημα)
1450 2763 1542 2788 Αἐ-

19 2860 21 2862 ’
73 2819 306 2860 νησεται
342 2808 405 2861 (V.
428 2820 469 2853 v.
492 2808 570 2862 16.,
591 2807 646 2853 cl.
673 2820 715 2852 v.
736 2806 806 2851 17.
826 2810 870 2847 et
893 2806 984 2860 19.)
1022 2804 1255 2860 cogitando
1295 2803 1436 2848 adden
1471 2818 1541 2846 um

1053 2861 1154 2906 Yz
