1752 3347
521 145 685 192 CAP.
715 145 777 190 V.
816 144 912 190 Vs.
941 144 985 189 7.
1004 143 1069 189 8..
1446 142 1534 185 271

66 256 302 309 cessisset,
333 253 386 297 de
417 254 596 302 homine>
617 253 788 296 honesto
815 251 1113 309 acciperetur,
1142 261 1271 292 secus
1298 261 1427 306 quam
1457 261 1534 291 vo-

66 315 242 357 luisset.
301 312 322 354 Ι
332 311 368 355 Ι.
397 312 622 362 Hominis,
656 325 776 366 quem
808 311 900 359 quis
930 310 975 351 in
1003 323 1050 350 se
1077 307 1303 362 beniyuum
1329 311 1403 348 aut
1432 306 1535 348 bene

67 373 119 413 de
137 385 182 412 se
201 369 401 411 meritum
429 368 583 410 habeut
613 370 754 423 (sciness
787 366 1083 422 SIBoifltbc'ltttss)
1111 364 1325 419 cogitatio
1354 363 1535 422 majore,

67 441 195 483 quam
217 440 327 482 quae
358 425 400 465 in
423 426 632 467 Articnlo
663 424 782 477 (τοῦ
812 421 988 476 ἀγαθοῦ
1019 437 1056 465 S.
1087 422 1303 475 χρηστοῦ)
1333 420 1419 462 sita
1449 425 1536 472 est,

67 483 380 540 perspicuitate
410 479 693 536 exprimenda
726 480 870 520 suerat
901 483 1194 534 potueratque
1224 476 1277 520 P.
1306 478 1428 519 illam
1458 492 1535 519 vo-

67 540 223 581 cabulo
245 538 356 578 satis
379 536 505 578 obvio
535 536 665 590 (Sap.
689 536 754 585 19,
779 535 848 577 14.
879 536 907 575 2
927 535 1063 578 Mace.
1082 536 1125 586 4,
1146 534 1189 576 2.
1221 533 1330 576 Luc.
1350 534 1420 586 22,
1438 533 1536 588 25.)

66 597 146 646 τοῦ
175 589 405 649 εὐεργέτου
433 590 674 632 includere.
743 588 840 632 Ill.
869 590 1140 648 Interposita
1174 591 1420 631 sententia:
1455 603 1536 643 pro

69 650 261 700 homine,
295 662 322 690 ιι
341 660 422 703 quo
453 646 694 703 benefici
704 646 749 687 is
776 647 836 688 sis
854 652 1056 699 ornatus,
1081 647 1181 699 fieri
1196 645 1385 704 fortasse
1398 659 1537 700 posse,

68 712 116 750 ut
134 709 314 748 mortem
334 703 542 757 suscipias
559 703 701 744 aliena
724 718 772 744 re
793 703 1164 756 argumentationi
1192 703 1382 745 admista
1406 702 1536 758 Apo-

65 762 173 806 stoli
203 760 547 818 disputationem
574 759 798 812 obtundit,
835 759 959 819 cujus
989 774 1170 801 acumen
1197 760 1245 801 in
1274 774 1323 802 oo
1353 763 1446 813 est,
1483 761 1536 799 ut

63 818 234 864 Paulus
256 818 360 860 haec
381 817 603 859 monuisse
624 817 734 858 satis
756 816 984 859 hahuerit:
1015 831 1147 873 quum
1168 817 1242 857 vir<
1264 831 1343 873 pro
1361 817 1535 858 honesto

64 876 239 920 homine
259 875 492 931 quisquam
514 877 694 915 mortem
724 873 1004 915 occubiturus
1033 873 1119 926 sit,
1148 872 1320 916 Christi
1351 877 1535 914 mortem

64 947 146 992 pro
164 932 366 986 improbis
391 935 638 988 susceptam
658 930 745 974 div.
765 945 869 985 erga
892 931 1090 972 homines
1107 930 1272 971 amoris
1300 930 1536 971 documen-

64 995 156 1034 tum
179 1004 278 1031 esse
299 1002 530 1046 apparere.
589 986 679 1030 Sed
700 985 750 1031 P.
770 988 894 1029 illam
917 987 1181 1030 sententiam
1201 992 1378 1043 praeter
1397 987 1535 1028 ullam

63 1047 375 1090 necessitatem
407 1044 619 1103 adjecisse
648 1044 880 1099 fingamus.
945 1044 1062 1086 Tum
1090 1044 1321 1097 nimirum,
1361 1050 1410 1085 ut
1439 1042 1537 1084 ido-

64 1119 191 1146 neam
218 1104 434 1145 rationem
465 1102 671 1154 haberet,
712 1116 752 1144 v.
773 1103 815 1144 8.
845 1099 901 1143 ad
931 1110 1026 1143 eam
1058 1102 1283 1159 respicere
1322 1100 1537 1142 debuerat

65 1161 112 1205 h.
142 1174 204 1204 r.:
235 1184 292 1191 —-
329 1156 397 1201 ἔτι
438 1153 707 1213 ἁμαρτωλῶν
745 1151 882 1199 ὄντων
918 1154 1039 1214 ἡμῶν
1077 1159 1173 1200 καὶ
1210 1157 1426 1214 ἐχθρῶν
1454 1173 1533 1208 -;

65 1216 191 1274 quod'
205 1231 288 1259 non
307 1216 429 1259 fecit.
485 1214 601 1257 Nam
624 1214 699 1270 qui
719 1216 812 1271 Ap.
836 1229 876 1258 V.
893 1215 935 1259 8.
956 1215 1018 1256 sic
1037 1217 1254 1258 rationem
1271 1213 1536 1256 concludere

63 1273 409 1333 perhibuerunt:
438 1273 720 1314 manifestare
739 1271 880 1313 Deum
903 1287 1029 1314 suum
1055 1287 1163 1328 erga
1189 1273 1387 1314 homines
1416 1286 1537 1313 amo-

64 1345 184 1383 rem,
216 1329 333 1387 quod
358 1328 583 1373 Christum
603 1344 684 1386 pro
705 1329 829 1370 nohis
849 1329 996 1386 impiis
1026 1344 1158 1386 neque
1183 1330 1234 1372 de
1262 1344 1308 1371 se
1324 1328 1538 1384 promeri-

65 1389 126 1430 iis
152 1387 301 1443 (Rom.
324 1389 392 1439 ll,
416 1386 510 1437 35.)
540 1390 722 1428 mortem
752 1391 960 1443 oppetere
989 1387 1205 1437 voluerit,
1232 1400 1309 1427 sua
1342 1386 1539 1439 cogitata

68 1443 208 1487 Paulo
226 1445 524 1486 obtruscrunt.
583 1442 760 1495 chjel.
789 1444 848 1484 al.
876 1442 1045 1484 δίκαιον
1065 1441 1262 1497 justum,
1293 1443 1369 1498 qui
1399 1446 1442 1483 et
1467 1441 1536 1482 fa·-

65 1500 153 1543 eiat
173 1515 286 1558 quae
307 1500 439 1558 judex
460 1500 503 1541 vi
527 1498 721 1540 adhibita
747 1502 1008 1554 extorqueat
1035 1504 1079 1539 et
1102 1499 1299 1551 omittat,
1329 1513 1438 1554 quae
1468 1499 1537 1538 fa-

5 1571 9 1573 ·
66 1572 165 1601 cere
191 1550 315 1613 leges
342 1571 438 1597 eum
465 1555 729 1613 prohibeant
765 1566 894 1618 ,τ’-ης,
930 1552 1007 1594 τὸν
1039 1554 1213 1609 ἀγαθόν
1244 1556 1418 1607 bonum,
1458 1555 1538 1610 qui

65 1614 155 1658 div.
179 1614 479 1657 mandatorum
500 1610 761 1653 verecundia
790 1611 846 1652 ad
875 1610 1050 1652 honesti
1079 1611 1276 1665 regulam
1306 1612 1441 1653 vitam
1469 1612 1539 1652 di-

66 1671 209 1726 rigat,
245 1672 383 1714 virum
411 1670 601 1711 omnibns
627 1669 806 1722 pictatis
831 1670 1020 1710 numeris
1049 1668 1289 1720 absolutum
1317 1680 1424 1723 ''7⁸⁸er
1455 1666 1537 1712 Ps.

66 1729 139 1781 31,
159 1729 232 1772 24.
257 1728 300 1771 h.
323 1729 353 1770 l.
375 1727 523 1769 valere
551 1729 831 1768 censuerunt.
889 1724 1087 1780 Quorum
1113 1725 1311 1782 opinioni
1341 1725 1426 1767 duo
1458 1725 1538 1766 ob-

68 1789 204 1829 stant.
262 1783 422 1841 Neque
442 1785 554 1825 enim
572 1797 689 1825 voco.
711 1780 881 1830 δίκαιος
903 1786 947 1823 et
975 1778 1148 1837 ἀγαθός
1176 1782 1238 1823 ita
1267 1783 1313 1824 in
1335 1783 1466 1824 libris
1495 1798 1537 1827 s,

14 1859 27 1869 Χ
65 1840 413 1897 distinguuntur,
436 1844 486 1882 ut
504 1839 616 1882 illud
637 1853 720 1880 non
743 1839 830 1881 nisi
851 1839 974 1893 leges
993 1842 1196 1880 accurate
1214 1838 1540 1892 observantem,

65 1899 147 1942 hoc
166 1899 308 1941 virum
328 1899 559 1940 honestum
581 1901 624 1939 et
643 1896 759 1951 pium
782 1895 959 1937 denotet
979 1896 1040 1949 (v.
1056 1894 1316 1950 Reiclzium.)
1346 1896 1536 1944 Deinde,

67 1969 122 1999 ne
139 1955 226 1997 alia
249 1968 600 2007 commemorem,
631 1952 737 1993 haec
757 1967 931 2008 quoque
953 1951 1194 1994 sententia:
1223 1966 1299 2006 pro
1313 1952 1540 2009 perfectae

69 2013 310 2055 honestatis
329 2026 382 2054 ac
403 2010 579 2064 pietatis
608 2008 772 2050 homine
799 2008 990 2065 fortasse
1017 2008 1231 2065 quispiam
1255 2009 1432 2064 deniqne
1464 2023 1538 2050 sac-

65 2069 199 2112 stinet
221 2069 370 2110 moria
392 2066 444 2110 P.
465 2065 764 2123 disputatione
795 2064 1067 2106 alienissima
1089 2070 1179 2117 est,
1208 2065 1279 2106 cui
1298 2064 1378 2106 hoc
1402 2080 1536 2107 unum

69 2125 227 2168 docere
256 2126 529 2183 propositum
559 2124 642 2166 sit:
681 2137 734 2164 ex
767 2138 817 2164 eo
850 2121 966 2179 quod
996 2121 1201 2164 Christus
1226 2136 1305 2176 pro
1331 2122 1537 2176 improbis

67 2186 252 2227 mox-,tem
292 2180 545 2224 occubuerit
580 2179 670 2221 Dei
708 2194 814 2234 erga
860 2179 1057 2221 homines
1096 2193 1286 2220 amorem
1326 2178 1539 2232 intelligi,

70 2252 204 2296 quum
220 2239 295 2282 vix
314 2253 393 2294 pro
410 2238 555 2294 probis
584 2237 813 2294 quisquam
845 2236 1096 2278 mortalium
1125 2235 1353 2279 moriatur.
1412 2233 1537 2278 Infe-

67 2295 280 2338 licissima
301 2300 368 2337 est
388 2309 535 2338 eorum
565 2294 739 2352 opinio,
772 2293 847 2350 qui
871 2299 947 2335 aut
976 2297 1066 2335 tum
1096 2288 1206 2348 ὑπὲρ
1238 2290 1412 2334 δικαίου
1439 2298 1535 2335 tum

69 2350 183 2408 ὑπὲρ
202 2352 281 2393 τοῦ
297 2349 494 2407 ἀγαθοῦ,
523 2358 599 2393 aut
617 2352 879 2393 alterutrum
900 2351 1075 2407 generis
1096 2350 1296 2392 neutrius
1321 2364 1421 2390 esse
1447 2350 1537 2393 sihi

69 2413 402 2467 persuaserunt.
462 2408 585 2451 lllud
604 2422 646 2452 v,
664 2423 702 2452 c.
722 2407 912 2450 Lnthero
932 2414 975 2450 et
995 2407 1272 2450 Meiamhoni
1289 2406 1431 2448 visum
1449 2411 1532 2456 est,

71 2465 150 2521 qui
170 2458 284 2522 ὑπὲρ
302 2463 478 2507 δικαίου
492 2480 570 2520 pro
581 2464 706 2521 justo
726 2465 756 2508 i.
775 2480 814 2508 e.
836 2463 994 2520 utjuri
1020 2461 1208 2516 satisfiat
1238 2466 1282 2504 et
1310 2458 1424 2518 ὑπὲρ
1451 2465 1532 2506 τοῦ

71 2522 249 2578 ἀγαθοῦ
267 2535 346 2576 pro
364 2522 468 2563 bono
486 2523 517 2565 i.
536 2537 576 2566 e.
592 2537 673 2578 pro
702 2522 912 2564 commodo
942 2526 1068 2575 atque
1094 2519 1374 2561 emolumento
1403 2533 1534 2562 enar-

72 2583 244 2622 rarunt.
283 2577 373 2621 Sed
393 2583 698 2636 praeterquam
719 2578 834 2635 quod
855 2578 919 2618 sic
941 2571 1055 2631 ὑπὲρ
1079 2581 1175 2616 τοῦ
1206 2574 1377 2617 δικαίου
1396 2577 1531 2632 (Luc.

74 2636 142 2688 12,
162 2636 256 2690 57.)
285 2634 553 2677 exarandum
579 2638 746 2688 suerat,
783 2635 864 2676 hac
894 2632 1187 2689 explicatione
1216 2630 1268 2675 P.
1298 2646 1532 2687 argumen-

72 2693 182 2736 tatio
210 2693 456 2747 frangitur,
505 2707 616 2748 quae
648 2707 698 2733 eo
728 2691 910 2742 nititur,
956 2694 1006 2730 ut
1035 2688 1281 2731 hominibus
1310 2690 1531 2745 improbis,

72 2765 153 2809 pro
176 2750 333 2807 quibus
354 2749 560 2793 Christus
584 2753 766 2790 mortem
796 2746 1066 2804 susceperit,
1091 2746 1214 2800 probi
1239 2751 1530 2803 opponantur,

75 2821 155 2866 pro
171 2807 330 2864 quibus
350 2807 423 2851 vix
446 2805 677 2862 quisquam
701 2808 881 2847 mortem
903 2807 1097 2861 oppetat.
1151 2801 1249 2846 Hoc
1268 2818 1410 2860 nuper
1431 2805 1530 2861 pla-
