1752 3347
411 205 571 251 CAP.
604 204 713 250 ΙΙΙ.
761 204 851 248 Vs.
880 202 961 249 25.
992 206 1044 246 et
1071 202 1170 246 26..
1428 197 1516 241 201

56 321 288 376 peccata
316 316 621 372 punivisse,
650 318 697 356 ut
722 312 909 356 Ustemfl.
930 312 962 355 l.
984 325 1027 369 p.
1053 311 1151 355 128.
1172 307 1358 369 putavit,
1382 320 1516 364 quum

60 375 205 418 minus
233 372 290 416 ad
315 388 355 417 V.
383 372 593 427 primaria
623 364 671 412 ὃν
702 367 926 424 προέθετο
950 394 993 399 —
1033 365 1098 416 εἰς
1129 363 1313 416 ἔνδειξιν
1340 380 1377 405 τ.
1407 365 1444 406 δ.
1474 379 1518 405 α.

62 447 173 488 qnae
199 445 325 473 unam
347 429 602 472 sententiam
629 428 847 478 efficiunt,
879 439 1006 481 quain
1037 423 1093 465 ad
1115 438 1232 466 voce.
1263 419 1523 463 secundaria

63 487 139 530 ὁιὰ
167 485 244 544 τήν
274 483 461 540 πάρεσιν
478 511 533 517 ——
560 484 595 527 ε’.
615 499 650 524 τ.
670 480 709 525 c'e.
730 485 809 525 τοῦ
833 484 969 529 θεοῦ,
1000 496 1183 538 qnorum
1212 479 1443 536 explicatio
1465 492 1520 519 ex

61 545 157 587 illis
178 558 219 587 v.
238 541 411 600 pendet,
442 540 727 597 respexisset,
755 539 831 581 sed
849 538 927 579 hoc
945 539 1213 581 enuntiavit:
1236 537 1379 579 Deum
1401 535 1523 578 victa·-

63 614 180 644 mam
204 599 470 654 piacularem
496 596 619 638 caedi
646 597 839 638 voluisse
862 595 1086 638 Christum
1118 595 1170 650 (i.
1193 610 1232 638 e.
1252 593 1366 639 ,aliis
1391 608 1432 636 v.
1451 606 1523 635 sa-

63 657 234 700 stalisse
252 656 394 697 Deam
414 654 630 695 hominnm
649 656 828 706 peccata
848 650 1018 694 Christi
1035 652 1298 708 supplicio),
1328 655 1377 693 ut
1399 664 1523 692 suam

64 712 303 756 declararet
321 710 621 761 sanctitatem,
654 707 1006 764 qnandoquidem
1035 710 1181 763 nulla,
1211 709 1297 764 qna
1325 706 1524 750 homines

62 770 383 819 lustrarentur,
410 765 587 808 victima
617 765 839 807 immolata
860 769 1135 822 peccatorum
1155 765 1334 818 sordes,
1363 765 1407 807 in
1427 764 1526 820 qui-

63 825 146 867 hus
166 823 362 866 homines
377 821 599 881 jacerent,
628 825 672 864 et
689 822 822 864 animi
846 822 1135 864 innocentiam
1162 822 1313 864 eodem
1346 834 1527 863 numero

63 881 229 925 hahere
247 881 290 924 h.
310 895 350 924 e.
373 884 550 922 sanctus
571 893 657 921 non
675 894 774 921 esse
794 878 1041 930 videretur3
1073 893 1182 936 opus
1212 884 1356 920 autem
1387 878 1529 920 fnisse

65 937 300 995 aliquando
329 935 577 980 sanctitatis
609 935 697 980 div.
727 936 1103 993 pronmlgatione,
1140 936 1342 991 quoniam
1371 934 1530 992 perdiu

66 995 292 1038 hominum
320 994 512 1052 peccatis
539 992 821 1048 indulgenter
849 993 1067 1048 neglectis
1097 992 1315 1035 victimam
1333 993 1530 1049 piacula-

66 1066 160 1097 rem
195 1051 321 1099 Deus
361 1050 607 1094 desiderari
643 1065 804 1109 passus
841 1055 976 1094 esset.
1053 1049 1256 1093 Ceterum
1288 1049 1448 1106 ChryS.
1485 1052 1532 1091 et

68 1109 349 1166 Theophyl.‚
389 1123 522 1164 quum
548 1107 626 1164 τὴν
656 1104 846 1165 πάρεσιν
881 1111 1154 1165 exponerent
1191 1105 1269 1162 τὴν
1308 1105 1532 1161 νέκρωσιν,

67 1180 156 1211 non
174 1166 378 1220 legerunt
399 1163 478 1220 τὴν
506 1163 793 1222 πώρωσιν,
824 1170 874 1206 ut
893 1164 1060 1208 Griesb.
1090 1164 1319 1222 opinatur,
1349 1163 1427 1206 sed
1455 1160 1536 1219 τὴν

69 1219 262 1276 πάρεσιν
279 1222 504 1276 paralysin
520 1223 633 1264 male
651 1222 980 1279 explicuerunt,
1010 1236 1095 1278 quo
1117 1221 1366 1275 significatu
1386 1219 1535 1275 graeci

70 1278 227 1324 medici
244 1279 323 1334 τὴν
341 1275 529 1333 πάρεσιν
555 1277 672 1322 haud
701 1294 802 1321 raro
832 1284 1046 1336 usurpant
1077 1282 1138 1335 (v.
1160 1278 1372 1333 Stephani
1393 1277 1536 1321 Thes.

71 1351 117 1394 p.
137 1336 272 1380 4441.
293 1334 363 1379 ed.
385 1334 551 1391 Lond.)
574 1336 617 1379 h.
638 1350 700 1383 r.:
731 1341 777 1378 ut
794 1351 917 1378 suam
931 1336 1159 1393 justitiam
1176 1336 1414 1378 ostenderet
1435 1337 1533 1392 (np-

71 1408 123 1436 eo
153 1392 271 1449 quod
291 1393 491 1434 homines
524 1393 672 1451 justos
702 1393 911 1447 faceret),
961 1393 1061 1449 qaia
1087 1396 1266 1448 peccata
1295 1396 1394 1433 ante
1422 1405 1538 1434 com«

73 1449 208 1493 missa
227 1451 392 1492 animos
418 1449 736 1505 indalyente
765 1450 858 1492 Deo
878 1450 933 1506 (l)
959 1455 1166 1506 tanquam
1191 1448 1386 1503 paralysi
1401 1447 1536 1489 solve-

70 1511 202 1559 rant,
228 1511 276 1548 ut
300 1520 422 1548 snam
448 1504 675 1560 justitiam
700 1506 793 1548 hoc
821 1511 1061 1561 tempore
1088 1506 1209 1562 (scil.
1238 1516 1327 1561 quo
1352 1504 1432 1546 illa
1457 1517 1537 1561 pa-

71 1562 240 1619 ralysis
260 1561 459 1604 homines
477 1576 614 1618 paene
633 1561 688 1603 ad
709 1561 1060 1620 desperationem
1089 1561 1370 1615 adduxisset)
1399 1566 1542 1603 osten-

72 1620 193 1665 deret
223 1623 306 1663 etc.
366 1617 523 1662 Lectio
551 1617 632 1663 Cd.
658 1618 732 1662 46.
763 1619 842 1676 τὴν
869 1615 1132 1674 πώρωσιν
1171 1623 1248 1660 aut
1274 1618 1427 1660 vitium
1455 1622 1541 1670 est,

75 1680 152 1720 aut
179 1677 398 1732 glossema
414 1677 621 1731 vulgatae
648 1675 704 1718 ab
732 1676 933 1729 homine,
964 1676 1040 1731 qui
1065 1689 1160 1717 cum
1180 1674 1338 1731 Chrys,
1359 1675 1541 1728 faceret,

75 1733 346 1791 profectum:
381 1738 564 1792 propter
591 1734 928 1786 contumaciam,
968 1747 1098 1788 quam
1128 1738 1304 1790 peccata
1333 1736 1434 1774 ante
1462 1744 1541 1788 pa-

75 1794 194 1832 trata
224 1789 457 1834 effecerant
482 1815 564 1835 -—-.
624 1789 740 1832 Tum
768 1791 840 1834 69.
871 1805 945 1847 ap.
971 1789 1160 1834 Tresch.
1188 1790 1269 1834 Mt.
1294 1789 1328 1833 f.
1360 1787 1434 1831 διὰ
1462 1786 1546 1843 τήν

76 1844 424 1904 παραίνεσιν
443 1850 624 1902 propter
641 1849 847 1891 monitum
872 1847 1099 1905 praebent.
1158 1846 1254 1890 Hoc
1281 1850 1359 1888 aut
1387 1845 1544 1889 vitium

77 1907 148 1947 est
173 1908 250 1948 aut
273 1905 487 1948 correctio
525 1904 795 1959 scribarum,
842 1906 920 1961 qui
954 1905 1034 1961 τὴν
1071 1905 1261 1959 πάρεσιν
1291 1917 1376 1945 non
1416 1916 1542 1944 asse-

78 1962 209 2017 qunti
225 1962 306 2003 hoc
328 1960 556 2004 dicendum
573 1975 672 2004 esse
690 1967 946 2018 putassent:
974 1962 1224 2004 ostendisse
1241 1959 1387 2001 Deum
1416 1973 1543 2001 suam

76 2017 323 2079 justitiam,
358 2018 461 2074 quia
487 2018 620 2084 liujus
649 2019 716 2061 rei
753 2033 848 2061 eam
875 2020 1154 2061 admonerent
1179 2021 1356 2075 peccata
1372 2020 1475 2058 ante
1495 2029 1545 2057 se

79 2074 336 2129 indulgente
364 2089 612 2121 commlssa.
667 2075 872 2132 Denique
893 2075 1012 2119 Clar.
1037 2076 1187 2118 Germ.
1204 2074 1328 2129 Aug.
1348 2073 1546 2116 Ambro-

83 2132 239 2186 siast.‚
271 2131 348 2188 qui
363 2133 632 2187 propositam
650 2138 848 2188 vertunt,
887 2134 932 2174 in
963 2132 1059 2175 suis
1079 2131 1184 2176 cde.
1211 2129 1289 2186 τὴν
1317 2129 1546 2186 πρόθε-

82 2203 175 2232 σιν
203 2194 405 2248 corrupte
433 2204 512 2246 pro
537 2188 618 2247 τὴν
637 2189 826 2248 πάρεσιν
857 2190 1101 2232 habuerunt
1127 2191 1399 2246 (constanter
1429 2187 1544 2229 enim

83 2245 237 2289 Latini
255 2247 332 2303 τὴν
349 2246 571 2304 πρόθεσιν
594 2248 857 2304 propositam
884 2247 1178 2299 transferunt)
1205 2248 1544 2301 corruptamque

82 2301 316 2349 lectionem
335 2304 398 2346 sic
413 2310 734 2362 exposuerunt:
761 2309 980 2347 mertuum
998 2319 1096 2346 esse
1117 2302 1357 2352 Christum,
1385 2305 1434 2342 ut
1453 2299 1544 2343 Dei

85 2359 260 2404 consilio
279 2359 332 2403 de
346 2363 539 2419 peccatis
559 2367 688 2405 antea
709 2362 953 2404 commissis
973 2364 1100 2418 capto
1125 2359 1384 2409 satisfieret,
1427 2357 1472 2401 h.
1500 2370 1541 2402 e.

85 2422 137 2460 ut
171 2415 346 2460 tandem
384 2419 620 2476 aliquando
657 2423 910 2478 peccatores
946 2419 1208 2477 punirentur
1245 2418 1307 2470 (v.
1346 2413 1540 2467 Panga).

86 2473 256 2518 Verbis
285 2472 401 2531 πρὸς
422 2473 606 2527 ἔνδειξιν
631 2492 668 2518 τ.
691 2477 728 2518 ὁ.
751 2493 792 2520 α.
814 2474 849 2519 ἒ.
871 2492 908 2518 τ.
929 2493 964 2518 ν.
985 2493 1021 2517 κ.
1054 2473 1317 2517 sententiam
1344 2486 1386 2517 v,
1406 2486 1448 2516 V.
1466 2470 1540 2515 25.

86 2529 155 2581 εἷς
173 2527 357 2582 ἔνδειξιν
377 2547 414 2575 τ.
439 2533 477 2575 ὁ.
498 2549 538 2577 α.
561 2538 834 2591 conceptam,
867 2548 953 2589 qno
982 2532 1116 2574 altius
1146 2531 1191 2572 in
1218 2531 1429 2571 lectorum
1448 2527 1545 2569 ani-

88 2603 185 2632 mos
204 2587 509 2644 descenderet,
538 2591 593 2632 ab
612 2592 705 2649 Ap.
727 2592 959 2648 repetitam
981 2604 1079 2631 esse
1098 2592 1266 2630 tantum
1288 2600 1372 2628 non
1392 2598 1545 2627 ornnes

86 2646 355 2703 interpretes
383 2650 502 2689 recte
531 2648 723 2689 confessi
751 2652 868 2690 sunt.
935 2649 1086 2703 Aptus
1116 2649 1184 2687 est
1211 2643 1348 2699 igitur
1374 2647 1418 2685 et
1451 2643 1545 2684 for-

90 2710 213 2748 tasse
242 2719 278 2746 a
308 2702 362 2748 P.
402 2703 416 2744 i
453 2717 501 2745 so
537 2706 760 2760 profectus
787 2703 1025 2746 Articulus
1060 2701 1176 2757 πρὸς
1208 2701 1306 2757 τήν
1344 2697 1544 2749 ἔνδειξιν,

92 2775 223 2820 quem
250 2776 303 2804 ex
331 2763 395 2804 A.
456 2792 468 2804 .
497 2760 589 2806 D&
608 2761 681 2806 47.
701 2761 773 2805 49.
793 2761 867 2803 80.
923 2761 1062 2806 Clem.
1083 2761 1188 2816 Cyr.
1213 2759 1397 2803 Lac-hm.
1426 2756 1472 2799 in
1500 2768 1544 2799 v-

93 2818 248 2866 ordine
277 2818 497 2863 exhihuit:
544 2823 612 2871 at,
648 2833 801 2876 qaam
830 2824 994 2862 antea
1021 2822 1083 2875 (v.
1109 2816 1202 2872 25.)
1233 2825 1543 2858 commemo-

95 2877 244 2933 ravi,
272 2890 375 2930 snae
401 2875 650 2922 sanctitatis
675 2876 1047 2934 promulgatio
1078 2874 1205 2932 fieret
1236 2876 1299 2930 (v.
1326 2888 1368 2918 v.
1396 2868 1469 2918 30.
1497 2870 1544 2912 et
