1752 3347
532 168 1110 214 PROLEGOMENA.
1489 183 1556 211 xri

135 278 229 319 cipia
254 279 535 322 φανερωθέντος
564 287 600 312 ct
630 278 898 322 γνωρισθέντος
933 280 1120 311 connectat
1151 277 1307 316 (Bata).
1364 278 1558 316 Quominus

135 328 251 357 autem
275 327 465 359 obliterato
490 335 526 358 τε
551 329 633 366 post
656 325 897 369 προφητικῶν
921 334 965 358 ex
983 329 1087 366 syn,
1111 326 1196 365 Erp.
1211 348 1221 366 ,
1246 324 1350 356 Aeth.
1375 325 1438 355 καί
1461 326 1558 355 inse-

135 379 257 406 ramus
283 374 352 404 (luo
378 374 590 412 impediunt:
622 382 752 412 unum,
787 373 880 413 quod
904 373 953 404 illi
979 372 1196 412 interpretes
1214 373 1278 402 aut
1301 380 1408 411 quum
1428 371 1462 401 in
1484 370 1558 401 suis

135 419 224 451 Cdd.
257 427 294 450 τε
327 427 395 451 non
427 420 670 461 invenissent,
720 420 888 457 deinceps
919 419 982 449 καί
1016 427 1081 450 suo
1117 418 1297 450 arbitratu
1336 415 1560 459 adjecerunt,

135 465 301 505 quoniam
333 462 457 505 copula
489 475 579 507 opus
609 475 690 498 esse
725 466 1007 504 intellexissent,
1043 465 1125 505 aut,
1157 472 1264 504 quum
1293 464 1328 495 in
1360 464 1435 495 suis
1460 463 1560 494 libris

133 511 199 542 καί
218 519 239 542 e
256 508 330 542 καί
359 515 480 544 natum
502 513 744 552 reperissent,
770 521 804 542 τε
825 513 1057 549 deleverunt,
1082 519 1205 543 vocem
1229 517 1558 551 supervacaneam:

134 557 308 594 alterum,
345 560 437 598 quod
465 568 500 590 v.
527 557 806 602 ᾳανερωθέντος
837 556 875 589 δὲ
904 558 970 587 νῦν
995 554 1055 587 διὰ
1082 565 1138 599 γρ.
1165 566 1227 599 πρ.
1251 557 1379 588 falsam
1410 556 1562 587 fundunt

134 604 361 636 sententiam.
410 605 534 643 Neque
554 605 646 635 enim
671 611 843 636 arcanam
869 604 933 635 Dei
959 603 1160 635 doctrinam
1188 605 1441 643 prophetarum
1465 603 1559 633 scri—

132 655 196 688 pta
218 649 252 680 in
285 649 398 680 lucem
425 652 700 687 protraxerunt,
750 651 812 681 scd
838 650 1003 682 Christus
1029 652 1064 681 et
1089 650 1252 689 Apostoli
1284 650 1329 680 ab
1355 656 1396 680 eo
1423 648 1560 679 consti-

135 695 213 727 tuti
225 696 446 733 Eph.3,10.
479 695 554 727 Col.
578 697 609 730 1
632 698 677 727 26
695 704 748 734 sq.
782 695 850 726 Tit.
882 697 913 736 1,
938 698 984 727 3..
1034 697 1136 734 Onod
1162 696 1185 726 ii
1211 694 1409 735 antiquitus
1435 703 1562 726 sense-

134 746 240 782 rintt,
273 741 333 780 qui
359 741 484 793 (01201
520 744 577 773 ter
604 744 639 773 et
664 741 820 773 Hieron.
846 743 893 772 ad
918 742 1004 780 Eph.
1033 745 1066 778 3
1085 743 1115 774 5
1123 742 1140 778 )
1173 741 1233 771 καὶ
1259 741 1318 780 τῆς
1344 740 1562 781 ἕπιᾳανείας

133 787 200 818 τοῦ
228 787 354 829 κυρίου
376 781 485 830 ἡμῶν
505 783 624 828 Ἰησοῦ
644 788 714 828 Xo-
739 787 818 818 huic
845 788 864 817 l.
886 790 966 826 post
989 786 1231 837 7100‹J1)r¹x‹131
1256 797 1297 819 ex
1323 787 1446 820 2'1'1‘111
1461 789 1561 824 1,10

134 833 377 866 insemel-,unt
423 834 539 866 Pioba
567 836 622 866 est
645 833 804 873 loquutio
831 833 1018 874 γνιιιιιζειν
1046 832 1087 863 τὸ
1107 828 1314 885 ιμἰισιιριοι
1347 834 1417 869 εἰς
1441 829 1562 864 πιὶιια

134 876 178 911 τὰ
203 877 293 919 ἔθνη
318 882 437 912 notum
464 881 583 912 faeere
615 881 877 921 (11p116,19.)
904 886 1077 910 atcanum
1100 879 1141 909 in
1166 887 1289 910 omnes
1314 881 1477 912 nationes
1503 882 1558 917 [v.

135 927 365 964 Bernhardy
377 921 719 977 Qiffensd).&1)nt
746 934 778 964 p.
797 927 875 958 217.
900 927 1015 957 Marc.
1037 925 1091 966 14
1109 927 1142 956 9.
1168 927 1248 957 soh.
1266 927 1300 965 8,
1318 929 1414 969 -(›],
1447 935 1561 966 neque

127 971 184 1008 -εἰς
209 973 230 1003 i.
255 982 288 1014 q.
312 967 405 1014 ποός
428 973 538 1010 (Phil.
555 974 592 1013 4,
617 974 670 1009 6.)
696 974 726 1004 h.
746 972 768 1003 l.
796 973 920 1004 valere
944 972 1086 1012 putabit
1108 971 1306 1011 quicunque
1334 981 1401 1003 non
1429 974 1562 1004 denno

135 1019 289 1060 quodam
314 1019 474 1057 homine,
511 1020 575 1051 sed
609 1020 654 1051 de
677 1018 798 1050 multis
822 1018 1043 1060 hominibus,
1084 1017 1127 1049 in
1158 1025 1249 1058 quos
1286 1019 1411 1050 arcani
1435 1019 1563 1051 notitia

132 1064 309 1107 profecta
331 1066 405 1108 sit,
435 1064 492 1097 hic
517 1065 574 1106 agi
598 1065 834 1098 memi11e1·it.-
857 1066 991 1097 Omnes
1017 1065 1139 1096 autem
1169 1063 1332 1096 nationes
1365 1059 1561 1107 ὑπερβολι-

134 1109 207 1146 κῶς
232 1118 298 1150 pro
322 1111 430 1143 animi
455 1112 509 1144 sui
535 1112 774 1144 concitatione
799 1111 867 1150 Ap.
893 1109 1188 1142 commemoravit
1214 1118 1279 1149 pro
1304 1110 1440 1144 multis.
1491 1113 1562 1144 sed

135 1158 228 1198 quod
250 1166 319 1198 per
339 1158 612 1198 propheta-ram
629 1159 777 1198 scripta
801 1160 857 1195 (v,
874 1157 920 1188 ad
936 1159 966 1197 1,
985 1158 1037 1194 2..)
1065 1156 1190 1188 arcani
1206 1157 1367 1189 notitiam
1387 1158 1420 1188 in
1438 1165 1563 1199 omnes

135 1204 300 1236 nationes
325 1204 501 1242 perlatam
527 1204 566 1235 P.
591 1205 790 1242 contendit.
825 1205 889 1235 hoc
913 1203 980 1234 sibi
1005 1203 1141 1245 voluit,
1166 1203 1212 1234 V.
1238 1205 1276 1234 T.
1301 1204 1412 1234 libros
1433 1210 1456 1234 a
1481 1212 1563 1243 pro-

137 1250 257 1290 phetis
279 1250 401 1281 divino
425 1249 554 1291 impetu
571 1251 726 1289 scriptos
744 1249 948 1281 adhibuisse
966 1250 1181 1289 Apostolos,
1208 1250 1335 1289 quibus
1357 1259 1441 1281 esse
1459 1250 1565 1282 Chri—

137 1296 184 1328 sti
215 1295 415 1328 doctrinam
440 1293 480 1326 τὸ
503 1291 706 1339 μυστήριον
734 1295 799 1327 τοῦ
829 1294 918 1326 θεοῦ
953 1295 1075 1333 ⁰·eneri
1103 1297 1255 1327 humano
1281 1296 1453 1327 divinitus
1480 1304 1566 1334 pro-

136 1343 287 1374 missum
314 1342 394 1381 ipso
417 1341 492 1374 Deo
517 1344 611 1374 teste
634 1342 774 1382 prolato
798 1342 1027 1372 ostenderent
1051 1343 1141 1373 Luc.
1162 1340 1229 1383 24,
1235 1344 1289 1375 27.
1317 1344 1397 1374 Act.
1411 1344 1464 1384 17
1477 1345 1564 1383 2sq.

137 1389 196 1425 28,
214 1389 312 1420 23.1
334 1389 420 1421 Cor.
448 1388 502 1431 15,
521 1391 554 1420 3.
574 1397 628 1429 sq.
647 1389 706 1420 al..
754 1388 922 1421 Ceterum
946 1396 1062 1428 neque
1087 1389 1149 1418 hoc
1171 1389 1307 1419 temere
1328 1389 1366 1419 P.
1389 1390 1566 1421 observa-

136 1427 228 1477 vit,'
246 1442 362 1474 neque
396 1435 464 1466 Dei
499 1442 673 1467 arcanum
709 1441 774 1474 per
807 1435 1062 1474 prophetarum
1096 1434 1206 1464 libros
1241 1435 1464 1474 sempiterni
1494 1435 1567 1468 Dei

136 1480 323 1513 mandatu
344 1480 383 1517 (1
405 1480 494 1511 Tim.
514 1482 546 1518 1,
567 1483 598 1513 1.
631 1481 700 1512 Tit.
721 1482 754 1517 1,
771 1481 805 1511 3.
833 1480 952 1512 iecor.
969 1481 1004 1519 8,
1023 1481 1100 1517 8.),
1131 1480 1176 1511 ut
1196 1478 1344 1512 Christi
1367 1481 1568 1514 doctrinae

135 1524 246 1568 fidem
265 1526 434 1567 poscenti
458 1526 674 1568 obsequium
696 1502 971 1566 praestaretur
997 1528 1123 1564 (Rom.
1148 1526 1182 1563 1.
1209 1525 1261 1563 5.)
1286 1525 1321 1556 in
1349 1534 1472 1558 omnes
1497 1535 1566 1559 na-

137 1572 256 1604 tiones
283 1571 555 1604 disseminatum,
579 1572 772 1613 esse⁴sine
795 1569 925 1602 idonea
949 1571 1065 1604 causa
1089 1568 1236 1612 adjecit.
1295 1573 1433 1611 Nempe
1459 1581 1566 1612 quum

137 1627 175 1650 v.
200 1613 276 1649 κατ’
311 1614 492 1659 ἐπιταγήν
522 1620 587 1650 τοῦ
612 1618 764 1649 αἰωνίου
787 1615 879 1648 θεοῦ
906 1619 1044 1649 tantum
1077 1625 1147 1649 non
1172 1617 1288 1650 otiosa
1311 1621 1396 1649 sunt
1430 1619 1567 1651 arbitro

139 1665 185 1698 de
209 1664 376 1707 Wettio,
417 1667 491 1696 tum
520 1665 612 1696 mire
644 1665 788 1705 languet
815 1662 966 1694 αἰωνίου
991 1664 1057 1701 (cf.
1085 1663 1217 1696 Rez‘eh.
1237 1665 1283 1704 11,
1310 1665 1420 1701 5320.
1470 1666 1564 1704 Quin

138 1710 364 1750 aptissimum
390 1713 449 1742 est
472 1711 684 1743 attributum
709 1709 882 1747 αἰωνίου,
913 1710 1200 1750 quandoquidem
1232 1717 1406 1742 arcanum
1429 1713 1567 1752 sempi-

139 1757 263 1798 ternis
285 1758 504 1796 temporibus
537 1758 678 1789 silentio
703 1757 941 1797 praeteritum
966 1758 1065 1789 Deus
1096 1756 1302 1797 gubernare
1335 1766 1404 1788 non
1429 1758 1567 1797 potuis—

138 1804 219 1845 set,
248 1802 319 1835 nisi
343 1806 440 1836 esset
465 1804 727 1845 sempiternus.
776 1805 868 1834 Tota
899 1805 1019 1835 autem
1046 1802 1247 1835 sententia:
1291 1803 1360 1834 Dei
1393 1811 1566 1835 arcanum

139 1849 300 1882 aeternis
322 1850 538 1890 temporibus
563 1850 703 1882 silentio
730 1850 892 1881 obrutum
918 1858 1011 1881 nunc
1035 1851 1212 1881 retectum
1237 1857 1320 1880 esse
1339 1850 1375 1881 et
1392 1858 1460 1890 per
1476 1858 1567 1890 pro-

137 1896 341 1936 metarum
369 1897 518 1937 scripta
550 1896 771 1937 sempiterni
796 1896 867 1927 Dei
898 1897 1086 1928 mandatu
1116 1897 1162 1927 ut
1187 1894 1335 1926 Christi
1366 1895 1568 1928 doctrinae

138 1940 248 1982 tidem
271 1943 487 1983 postula-nti
509 1942 730 1975 obediretur
750 1941 787 1973 in
811 1949 933 1974 omnes
958 1942 1121 1974 nationes
1147 1946 1405 1981 propagatum:
1438 1949 1479 1972 eo
1498 1950 1566 1974 va-

137 1988 209 2031 let,
242 1990 282 2020 ut
315 1988 408 2028 quod
434 1988 570 2020 Paulus
602 1991 638 2020 et
662 1985 826 2027 Apostoli
855 1987 923 2020 Dei
946 1996 1119 2020 arcanum
1144 1987 1372 2026 sempiternis
1396 1988 1568 2027 tempori-

104 2058 107 2060 .
138 2035 206 2067 bus
227 2036 361 2066 tectum
383 2043 424 2066 se
446 2034 581 2066 afferre
607 2034 790 2076 dicerent,
826 2033 862 2065 id
874 2034 1002 2073 .ips1nn
1018 2043 1080 2066 eos
1100 2034 1292 2075 evulgare,
1325 2032 1454 2072 quippe
1473 2035 1567 2073 quod

139 2087 257 2122 neque
278 2079 440 2120 Apostoli
470 2079 541 2122 ipsi
572 2080 839 2121 excogitassent
870 2089 985 2120 neque
1010 2076 1073 2112 sua
1097 2080 1317 2113 auctoritate
1340 2078 1569 2119 divulgarent

140 2128 178 2159 et
201 2135 244 2159 eo
268 2128 466 2168 referrent,
507 2134 576 2167 quo
600 2127 719 2159 omnia
741 2127 808 2159 Dei
841 2127 990 2159 consilia
1025 2127 1244 2168 dirigentur,
1275 2127 1315 2157 ut
1342 2125 1476 2158 Christi
1501 2127 1567 2157 do-

140 2174 281 2205 ctrinae
305 2174 412 2206 fidem
438 2174 600 2213 poscenti
623 2173 933 2214 obtemperaretur
968 2174 1091 2211 (Rom.
1120 2175 1151 2215 1,
1180 2173 1211 2205 5.
1245 2174 1280 2210 3,
1307 2173 1363 2206 21.
1392 2174 1451 2203 22.
1478 2173 1568 2210 aL),

139 2219 294 2252 lectores
319 2221 509 2253 sentirent.
555 2220 754 2258 Praeterea
784 2228 850 2251 cur
874 2219 942 2251 Dei
972 2227 1146 2252 arcanum
1178 2217 1406 2258 sempiternis
1430 2220 1568 2258 tempo-

140 2266 240 2298 ribus
275 2266 417 2299 silentio
449 2267 679 2299 obliteratum
710 2272 783 2298 tum
819 2265 989 2305 temporis
1022 2267 1240 2305 patefactum
1275 2272 1356 2295 esse
1385 2266 1450 2303 Ap.
1479 2266 1511 2296 h.
1545 2265 1568 2297 l.

143 2311 276 2345 dixerit
297 2313 429 2346 Reich.
459 2313 507 2356 ΙΙ,
533 2312 611 2347 529.
647 2321 687 2344 se
718 2312 916 2353 intelligere
948 2313 1106 2352 negavit.
1154 2311 1298 2342 Scilicet
1332 2317 1439 2350 quam
1472 2311 1567 2343 beati

143 2360 270 2391 essent
291 2359 526 2398 praedicandi
550 2358 608 2391 sui
631 2360 821 2401 aequales,
854 2359 947 2399 quod
971 2359 1053 2390 dum
1079 2358 1248 2388 viverent
1271 2363 1443 2389 arcanam
1467 2359 1569 2390 Deus

142 2403 344 2437 doctrinam
367 2406 579 2447 evulgasset
602 2407 747 2445 patrum
781 2413 1004 2445 avorumque
1038 2406 1201 2441 tempore
1233 2403 1270 2434 et
1294 2411 1359 2442 per
1383 2403 1437 2434 tot
1460 2412 1569 2436 secu-

141 2448 261 2481 lorum
285 2451 477 2483 decursum
501 2452 643 2484 silentio
667 2452 830 2484 obrutam
855 2453 891 2483 et
915 2452 956 2483 P.
981 2451 1061 2490 ipse
1086 2449 1203 2480 sensit
1235 2454 1271 2480 et
1293 2450 1451 2481 lectores
1483 2459 1570 2482 sen-

143 2496 216 2529 tire
229 2496 344 2528 voluit
365 2498 455 2537 Eph.
473 2500 508 2540 3,
524 2498 556 2531 5.
581 2498 657 2531 Col.
678 2500 711 2541 1,
727 2500 784 2530 26.
809 2498 878 2530 Tit.
896 2499 931 2535 1,
950 2499 984 2530 3.
1012 2496 1136 2528 1Petr.
1158 2495 1192 2538 1,
1209 2496 1255 2529 10
1270 2503 1338 2536 sq..
1388 2495 1570 2533 Quocirca

141 2542 186 2576 P.
220 2543 400 2575 sententia
432 2544 520 2575 haec
553 2546 626 2576 est:
671 2544 704 2576 is
736 2544 859 2576 autem
892 2544 950 2584 pie
990 2542 1214 2584 celebretur,
1253 2542 1314 2582 qui
1348 2543 1468 2581 potest
1499 2550 1570 2574 vos

144 2589 261 2642 (quod
283 2589 447 2630 equidem
470 2589 523 2620 his
546 2589 663 2621 literis
687 2590 854 2622 effectum
877 2590 1032 2621 reddere
1057 2587 1198 2625 studui]
1221 2596 1288 2628 pro
1312 2588 1381 2619 sua
1405 2588 1569 2629 omnipo-

143 2629 256 2668 tentia
278 2635 315 2667 in
340 2635 476 2668 Christi
499 2631 662 2668 doctrina
686 2637 942 2677 corroborare,
975 2636 1165 2675 postquam
1180 2632 1312 2667 vestra
1334 2636 1457 2666 aetate
1480 2635 1570 2667 bea-

145 2682 205 2713 tus
223 2680 301 2713 dies
319 2681 448 2726 illuxit,
471 2690 542 2722 quo
565 2689 701 2714 arcana
721 2682 788 2714 Dei
810 2681 1000 2722 doctrina,
1031 2681 1260 2721 sempiternis
1278 2681 1498 2720 temporibus
1516 2680 1569 2712 si-

145 2727 256 2760 lentio
278 2705 448 2771 obruta,⁷
461 2728 649 2768 patefacta
679 2729 716 2760 et
747 2730 812 2766 (ne
836 2728 939 2761 vobis
962 2735 1135 2761 arcanam
1166 2727 1264 2760 illam
1295 2728 1495 2760 doctrinam
1524 2728 1570 2759 ab

140 2774 330 2815 -Apostolis
363 2774 488 2808 offerri
520 2773 663 2808 dubium
697 2773 763 2814 sit)
797 2782 865 2816 per
895 2773 1166 2817 prophetaram
1199 2773 1317 2808 libros
1349 2772 1570 2816 sempiterna·
