1752 3347
337 145 352 164 Ἴ

569 182 659 226 ΟΛ
676 181 726 226 P.
759 180 797 226 1.
832 181 924 226 Vs.
956 181 1056 225 24..
1495 177 1549 217 71

79 289 380 339 enuntiamus,
416 291 466 330 ut
489 288 578 332 Dei
605 290 863 345 permissum
892 293 1139 331 statuamus
1162 285 1445 352 (documento
1475 284 1549 335 sit,

80 344 198 402 quod
219 344 273 391 P.
293 344 410 402 Eph.
427 345 472 399 4,
485 347 554 392 19.
574 346 764 402 gentiles
784 346 828 388 in
848 345 1146 404 impuritatem
1167 356 1282 398 ὀρ-905
1309 341 1454 384 ruisse
1483 341 1548 383 af-

79 403 268 457 firmat),
301 401 534 444 dissidium
557 403 601 445 in
622 404 700 445 hoc
724 418 810 446 uno
828 403 1036 456 cernitur,
1065 399 1182 458 quod
1201 399 1287 441 alio
1306 396 1433 440 modo
1454 411 1548 451 nos,

78 460 168 501 alio
187 465 358 502 veteres
378 459 523 501 Deum
545 460 750 502 mundum
778 460 1022 515 gubernare
1052 461 1244 501 censent.
1303 455 1401 498 Nos
1431 455 1546 497 enim

78 516 223 560 Deum
243 530 323 571 per
339 521 539 559 aeternas
566 532 668 558 suas
697 518 808 572 loyes
836 519 963 573 (ergo
992 517 1195 568 mediate)
1223 511 1427 556 mundum
1457 525 1547 554 mo-

78 571 226 616 derari
245 572 571 627 existimamus,
601 577 769 615 veteres
790 573 934 615 Deum
957 587 1131 631 semper
1152 572 1291 626 ‘ipsum
1311 571 1438 625 (ergo
1465 569 1546 610 im-

77 627 510 684 mediate)m11ndu1n
542 628 788 684 gubernare
818 636 1043 686 putarunt.
1102 628 1270 670 Verum
1298 627 1413 670 enim
1444 638 1547 667 vero

76 686 117 728 si
145 686 290 727 Deum
322 685 556 727 sanctitate
584 686 782 727 den-aem
816 687 1122 743 imperiosum,
1160 684 1350 742 partium
1380 681 1547 725 studio·

76 749 195 795 sum,
223 740 510 783 libidinosum
528 740 718 797 denique
743 741 987 799 improbum
1011 749 1243 799 tyrannum
1266 755 1364 783 esse
1394 739 1546 798 opina·

74 804 171 853 tus,
200 812 296 839 eum
318 797 567 839 hominibus
589 812 781 839 errorem
813 798 1027 857 objicere,
1058 804 1243 839 mentem
1273 798 1449 839 auferre
1475 810 1546 839 eo—

74 869 257 912 rumque
287 868 448 906 mores„
494 859 714 897 ervertere
745 854 889 908 dicas,
932 855 1148 898 hominem
1181 854 1479 911 potentissimi
1504 858 1547 895 et

74 912 181 954 mali
205 911 372 954 domini
401 869 639 953 ludibrium
668 912 806 954 facias
837 917 972 968 atque
1002 912 1249 953 honestatis
1279 915 1322 952 et
1355 910 1548 953 studium

73 968 224 1012 deleas
246 973 291 1011 et
310 983 488 1012 sensum
509 983 675 1011 omnem
695 969 971 1024 exstinguas.
1031 967 1105 1010 Sic
1129 968 1289 1010 Graeci
1309 972 1440 1024 atque
1457 965 1548 1010 Ro-

73 1027 191 1068 mani
208 1025 356 1080 Deos,
396 1026 436 1069 si
461 1040 571 1082 quos
601 1026 802 1069 homines
829 1025 1011 1069 adversa
1041 1025 1217 1067 fortuna
1248 1023 1446 1079 affligere
1475 1038 1547 1066 vo—

73 1083 277 1137 luissent,
308 1097 458 1124 sanam
479 1083 537 1126 iis
557 1089 744 1125 mentem
764 1082 955 1126 adimere
979 1081 1165 1140 [Vellej.
1181 1079 1356 1125 Patere.
1374 1080 1416 1134 2,
1432 1080 1547 1123 118..

74 1139 253 1199 Quippe
270 1140 332 1182 ita
355 1155 403 1182 se
423 1154 497 1182 res
517 1139 650 1181 habet
665 1174 676 1193 ‚
708 1145 756 1181 ut
773 1142 1034 1197 plerumque
1052 1140 1273 1181 fortunam
1301 1142 1548 1179 mutaturus

75 1196 202 1239 Deus
221 1196 407 1238 consilia
424 1203 679 1254 corrumpat
698 1197 973 1254 efficiatque,
1002 1195 1116 1253 quod
1144 1194 1438 1237 miserrimum
1467 1197 1550 1245 est,

72 1258 122 1296 ut
143 1252 260 1311 quod
276 1252 435 1296 accidit
456 1252 503 1294 id
534 1254 663 1296 etiam
692 1255 849 1296 merito
877 1253 1091 1297 accidisse
1113 1252 1316 1296 videatur
1343 1256 1388 1293 et
1419 1264 1548 1292 casus

74 1311 119 1353 in
140 1311 309 1369 culpam
329 1314 543 1353 transeat.
575 1309 663 1354 vid.
694 1306 928 1355 Ruhnken.¹
946 1310 1001 1352 ad
1020 1310 1164 1365 2‚57.]
1199 1309 1287 1350 sihi
1316 1321 1548 1366 persuase-

73 1372 203 1421 runt,
241 1366 355 1409 unde
385 1365 629 1410 mediocres
660 1382 837 1410 errores
867 1368 923 1409 ab
954 1369 1032 1410 sust
1072 1364 1271 1409 socordia
1311 1363 1549 1422 proficisci,

75 1439 187 1482 quae
223 1424 355 1466 nimis
387 1425 527 1467 stulta
555 1423 810 1467 viderentur
840 1425 1027 1467 consilia
1056 1439 1082 1466 a
1108 1423 1206 1465 Deo
1235 1436 1316 1478 per
1342 1419 1548 1476 invidiam

74 1481 352 1539 suppeditari
389 1485 614 1538 putarunt.
686 1482 755 1525 Cf.
792 1481 927 1525 Hom.
964 1479 1026 1526 Il.
1068 1479 1155 1533 VI,
1176 1479 1280 1523 234.
1318 1474 1415 1520 ἔνθ’
1446 1478 1549 1518 αὖτε

75 1533 262 1593 Γλαύκῳ
285 1535 509 1592 Κρονίδης
529 1535 694 1594 φρένας
714 1535 886 1588 ἐξέλετο
910 1535 1039 1587 Ζεύς.
1096 1536 1258 1592 Neque
1278 1534 1411 1576 aliter
1431 1538 1549 1576 vete-

71 1609 146 1638 res
167 1593 367 1637 Hebraei
385 1592 413 1638 J
415 1592 594 1636 ehovam
614 1594 807 1650 partium
826 1584 976 1636 'studio
1005 1608 1198 1650 suaeque
1230 1592 1376 1647 gentis
1402 1604 1550 1632 amore

72 1649 384 1695 Israelitarum
417 1649 622 1692 hostibus
662 1665 832 1693 omnem
858 1651 992 1693 animi
1020 1651 1158 1693 aciem
1187 1647 1552 1706 praestrinxisse,

72 1714 123 1752 ut
160 1723 236 1751 eos
270 1706 502 1765 perderet,
541 1707 710 1765 opinati
751 1712 854 1750 sunt·
883 1708 960 1764 [cf.
990 1722 1031 1753 v.
1067 1720 1104 1750 c.
1133 1706 1231 1752 JOS.
1263 1704 1455 1759 11,20.].
1495 1728 1549 1735 —-

32 1781 35 1783 ·
73 1764 315 1824 Perperam
334 1763 462 1808 Beza
480 1778 522 1808 v.
544 1762 597 1806 ἐν
613 1766 711 1814 ταῖς
731 1763 1000 1817 ἐπιθυμίαις
1015 1780 1053 1806 τ.
1073 1780 1111 1806 κ.
1140 1759 1178 1805 ἀ.
1202 1776 1298 1805 cum
1329 1775 1372 1805 V.
1402 1759 1546 1816 παρὲ-

75 1823 190 1866 δωκε
224 1826 346 1864 arcte
381 1820 671 1875 consociavit,
708 1826 757 1864 ut
784 1819 838 1863 ἐν
863 1822 960 1871 ταῖς
988 1817 1256 1874 ἐπιθυμίαις
1285 1817 1402 1860 idem
1433 1814 1548 1872 quod

73 1881 172 1929 ταῖς
198 1875 469 1931 ἐπιθυμίαις
497 1892 595 1921 esse
624 1877 848 1922 crederet:
885 1878 1070 1922 tradidit
1095 1892 1165 1920 eos
1193 1876 1317 1919 Deus
1342 1873 1466 1928 cupi
1476 1873 1504 1914 d
1514 1873 1548 1913 i-

73 1936 290 1981 tatibus
309 1934 499 1978 cordium
517 1936 709 1991 ipsorum
728 1936 786 1978 ad
813 1935 1126 1986 impuritatem.
1183 1931 1288 1976 Non
1316 1930 1405 1974 alia
1435 1943 1547 1971 emm

73 1993 247 2036 ratione
284 1992 397 2035 hanc
432 2005 503 2037 VV.
532 1991 788 2051 juncturam
823 1990 1054 2045 defendas,
1101 1990 1189 2033 nisi
1220 1993 1270 2032 ut
1301 1988 1551 2045 antestatus

74 2050 200 2094 hebr.
219 2049 254 2090 “3³
280 2063 344 2106 “¹2³2
363 2045 395 2091 “sa
415 2061 500 2105 1122,
532 2049 836 2107 παραδιδόναι
861 2046 960 2089 τινὰ
991 2047 1044 2090 ἐν
1068 2045 1187 2103 χειρί
1214 2059 1332 2094 τινος
1359 2040 1482 2098 (Jud.
1505 2041 1547 2094 2,

76 2107 148 2151 14.
176 2106 269 2153 JeS.
297 2104 452 2159 36‚15.
481 2107 506 2148 l
536 2105 675 2150 Mace.
702 2105 744 2159 5,
756 2105 827 2149 50.
867 2105 950 2160 al.)
983 2105 1290 2147 attractionem
1320 2099 1548 2142 admittas:

69 2164 141 2217 'ita
159 2164 344 2208 tradidit
362 2176 432 2205 eos
450 2163 573 2206 Deus
594 2163 923 2218 cupiditatibus,
953 2167 1010 2205 ut
1026 2162 1079 2205 in
1096 2162 1111 2204 z·
1124 2161 1169 2203 is
1194 2162 1374 2203 essent
1391 2157 1421 2199 i.
1442 2170 1481 2199 e.
1500 2160 1548 2220 ut

77 2224 295 2274 cuperent.
354 2217 447 2263 Sed
466 2234 521 2262 ne
540 2218 587 2263 id
605 2218 868 2262 incommodi
890 2233 943 2260 ex
966 2218 1048 2261 hac
1074 2214 1398 2260 constructione
1427 2225 1548 2253 nasci

78 2275 240 2329 dicam,
281 2275 399 2333 quod
436 2292 479 2321 v.
510 2275 580 2318 διὸ
608 2278 682 2319 καὶ
711 2276 968 2334 παρέδωκεν
1000 2301 1052 2307 -
1078 2276 1164 2315 τῶν
1189 2271 1380 2327 καρδιῶν
1409 2264 1549 2309 αὐτῶν

78 2333 237 2387 duplici.
255 2333 495 2390 epexegesi
523 2334 885 2376 illustrarentur:
924 2330 1032 2388 feeit
1051 2332 1195 2381 Deus,
1230 2333 1277 2370 ut
1298 2327 1342 2369 in
1362 2326 1459 2390 suis,
1476 2339 1547 2367 cu-

79 2389 333 2445 piditatibus
350 2389 597 2444 haererent,
624 2391 687 2433 ita
708 2394 757 2432 ut
776 2390 935 2444 impuri
949 2388 1106 2442 fierent
1128 2384 1214 2437 (εἷς
1232 2381 1545 2438 εἰκαθαρσιαν),

79 2447 145 2488 ita
168 2449 216 2487 ut
234 2459 379 2488 eorum
398 2460 576 2501 corpora
592 2448 883 2502 polluerentur
903 2445 999 2497 (τοῦ
1031 2439 1328 2496 ἀτιμάζεσθαι
1350 2454 1386 2478 κ.
1407 2453 1444 2480 T.
1469 2437 1545 2505 IL),

58 2502 227 2550 'Bezae
246 2506 477 2548 consilium
497 2521 628 2549 versu
645 2507 717 2550 26.
737 2501 1012 2560 (παρέδωκεν
1039 2498 1198 2550 αὐτοὺς
1220 2495 1242 2540 ὁ
1261 2500 1310 2540 θ.
1333 2498 1397 2550 εἰς
1417 2497 1545 2550 παθη

79 2566 278 2622 ἀτιμίας)
301 2573 344 2610 et
359 2583 401 2612 V.
413 2567 484 2612 28.
498 2573 622 2626 (παρ.
645 2565 685 2610 ἆ.
709 2564 731 2610 ὃ
753 2570 802 2610 θ.
824 2565 888 2615 εἷς
908 2561 1121 2616 ἀδόκιμον
1140 2563 1258 2615 νοῦν)
1274 2560 1402 2617 plane
1423 2557 1544 2601 ever—

78 2630 214 2679 titur,
245 2642 299 2669 ex
322 2628 481 2686 quibus
500 2626 555 2670 P.
578 2626 836 2684 παρέδωκεν
854 2622 1013 2672 αὐτοῦς
1035 2617 1057 2663 ὃ
1088 2623 1135 2662 θ.
1163 2617 1242 2672 εἷς
1267 2614 1546 2674 ἀκαθαρσίαν

79 2685 286 2743 (tradidit
304 2700 373 2728 eos
392 2686 454 2729 D.
484 2684 830 2740 impuritati3
866 2683 924 2725 cf.
954 2677 1093 2723 LXX
1118 2677 1212 2722 Jes.
1239 2677 1366 2730 34,2.
1391 2676 1420 2718 2
1443 2672 1545 2738 Par.

81 2744 257 2797 32‚ll.)
279 2739 486 2800 junxisse
515 2745 712 2798 apparet.
791 2737 844 2781 ἐν
871 2738 968 2786 wtg
997 2732 1262 2788 ἐπιθυμίαις
1289 2749 1329 2777 τ.
1356 2731 1549 2794 καρδιων

83 2800 246 2856 αὗτῶν]
285 2800 316 2843 i.
338 2815 377 2843 e.
411 2801 486 2844 bct
518 2801 590 2843 ben
609 2797 829 2852 §Bcgicrben
857 2796 961 2849 ibren
980 2794 1150 2850 -Detgen,
1185 2804 1315 2849 qumn
1341 2787 1547 2844 cupidzta-

81 2860 148 2900 tes
166 2857 326 2900 animis
342 2856 647 2910 concepissent.
695 2851 764 2896 Cf.
785 2866 826 2896 v.
844 2852 917 2897 27.
938 2850 993 2894 ἐν
1009 2849 1063 2906 τῇ
1080 2845 1222 2904 ὀρέξει
1244 2842 1397 2889 αὑτῶν.
1442 2840 1552 2884 Sen-
