1752 3347
554 149 1120 195 PROLEGOMENA.
1523 169 1570 194 xv

105 261 336 313 complexus
353 274 430 300 uon
450 260 534 300 sine
546 259 745 310 voluptate
759 271 1008 310 paganorum
1028 275 1070 300 sc
1081 260 1317 311 Apostolum
1339 273 1427 298 esse
1442 260 1568 310 sigui-

105 319 234 360 licavit
261 319 378 359 Rom.
409 319 476 368 ll,
500 317 566 357 13.
595 318 661 367 15,
690 317 754 357 15.
796 318 899 367 Epli.
930 318 968 369 3,
998 319 1057 360 8..
1116 317 1220 357 lllud
1248 316 1483 357 admirabile
1512 325 1569 355 est

102 376 332 427 excelsique
350 375 425 414 viri
448 373 578 412 indole
600 374 785 424 dignum,
826 376 929 424 quml
953 387 1053 425 quae
1074 388 1162 414 eum
1181 374 1291 413 natio
1322 376 1371 413 ad
1395 374 1569 413 interne-

103 434 256 473 cionem
271 437 509 484 persequuta
522 437 579 469 est
597 444 676 470 non
695 438 822 470 tamen
845 445 931 470 eam
953 433 1121 483 diligere
1139 431 1257 471 desiit
1271 431 1442 477 Romo,
1457 432 1570 480 l.sq.

102 491 170 541 10,
196 493 305 539 l.sq.
339 488 405 538 11,
429 487 514 529 14..
574 488 670 528 Plus
692 489 840 537 negotii
865 489 976 528 Pauli
998 489 1192 541 epistolae.
1212 488 1415 540 interpreti
1438 487 1570 526 fai-cs-

103 554 217 595 sunt,
248 556 368 596 quam
389 544 509 584 ceteri
530 545 583 585 N.
605 545 655 585 T.
679 545 786 594 libri,
818 558 897 585 non
918 553 1143 597 propterea,
1171 547 1288 597 quod,
1321 552 1361 584 ut
1386 543 1569 584 nonnulli

102 608 313 656 putarunt,
346 609 425 642 tam
445 614 586 652 parum
607 601 784 652 linguam
802 614 991 649 graecam
1014 603 1224 653 calluerit,
1255 611 1295 641 ut
1317 615 1390 641 sua
1412 601 1567 651 rof-rita-

100 671 140 700 ta
160 659 371 712 perspicue
391 657 596 697 enuntiare
619 657 773 708 passim
796 671 876 697 non
902 666 1066 709 posset,
1108 668 1175 699 aut
1195 661 1296 711 quod
1316 667 1426 699 tanto
1446 658 1568 699 animi

100 719 248 768 impetu
261 721 422 754 tantave
432 713 681 765 negligentia
700 720 737 753 et
758 713 959 754 oblivione
973 715 1108 765 suerit,
1138 724 1177 755 ut
1197 718 1248 755 ab
1271 717 1353 757 aIIa
1375 719 1424 756 ad
1445 716 1567 755 aliam

100 787 180 813 rem
211 780 356 813 temere
378 770 600 811 transiliret
628 772 686 820 (v.
708 770 930 813 Comment.
962 785 1004 822 p.
1028 772 1171 824 210.)‚
1204 776 1271 813 sed
1297 775 1373 813 has
1396 774 1570 813 maxime

99 833 146 870 ol·
170 842 331 870 causas.
389 827 509 867 Haud
532 828 715 878 paullum
737 827 986 868 difficultatis
1008 829 1072 868 vel
1094 842 1144 867 ex
1161 843 1206 868 co
1229 831 1432 881 nascitur,
1464 832 1569 880 quod

102 889 140 930 P.
163 887 376 941 epistolas
396 883 579 937 scripsit3
611 898 711 936 quae
731 898 852 936 quum
871 885 1072 936 colloquia
1093 884 1197 925 inter
1215 900 1257 925 se
1279 895 1463 927 notorum
1481 901 1569 928 esse

100 945 255 985 soleant
284 949 321 983 et
346 948 562 994 tanguntur
583 941 625 981 in
651 942 700 983 iis
720 942 868 982 nemini
895 943 977 983 nisi
1008 943 1151 995 quibus
1175 943 1371 995 epistolae
1401 946 1571 985 reddeu-

99 1004 171 1042 dae
195 1001 274 1041 sint
294 1000 454 1052 cognita
477 1007 514 1040 et
536 1012 684 1040 causae
707 999 910 1051 expositio
936 1014 1016 1040 non
1040 1002 1089 1040 ad
1113 1014 1217 1050 rem,
1250 1001 1319 1041 sed
1346 1003 1394 1040 ad
1418 1002 1571 1041 amico-

99 1073 184 1100 rum
220 1057 425 1109 ingenium
456 1063 492 1096 et
521 1056 695 1098 rationes
729 1059 1027 1098 accomodatur.
1099 1056 1226 1107 Atque
1259 1058 1450 1109 epistolas
1482 1065 1571 1099 ante

100 1117 223 1156 multa
247 1115 386 1156 secula
405 1113 581 1165 scriptas
602 1113 687 1153 ficri
710 1128 790 1154 non
811 1120 941 1166 potest
960 1114 1057 1166 quin
1077 1115 1252 1166 majores
1271 1115 1391 1155 etiam
1410 1122 1447 1155 ct
1467 1128 1569 1166 quas

98 1173 295 1212 historiae
316 1172 404 1211 luce
425 1171 547 1221 plane
567 1170 762 1210 discutere
785 1183 960 1223 nequeas
984 1173 1171 1211 tenebrae
1193 1179 1392 1223 premant.
1433 1172 1572 1221 Quare

100 1231 133 1268 si
165 1230 212 1270 P.
246 1228 451 1268 doctrinae
480 1226 622 1266 christ.
655 1230 812 1268 decreta
842 1229 884 1268 in
911 1229 1040 1268 libros
1069 1229 1326 1279 contulisset,
1370 1230 1514 1281 quibus
1549 1242 1574 1267 a

99 1285 240 1338 primis
272 1284 398 1324 initiis
430 1283 632 1334 profectus
663 1283 859 1324 rationem
891 1291 1078 1325 accurate
1116 1287 1390 1339 concluderet,
1436 1287 1595 1327 miuusX

97 1341 339 1383 essetnobis
362 1340 637 1380 laborandum.
694 1340 848 1380 Deinde
878 1355 926 1380 ne
954 1342 1074 1381 facile
1103 1342 1150 1384 P.
1177 1351 1347 1383 mentem
1377 1357 1571 1395 assequa-

98 1414 184 1439 mur
201 1397 446 1450 disciplina
465 1397 651 1448 impedit,
691 1397 769 1446 qua
789 1411 887 1438 usus
910 1405 986 1440 est.
1047 1398 1278 1440 Sententias
1301 1400 1477 1450 igiturin
1490 1413 1572 1440 rem

96 1469 211 1498 suam
232 1454 450 1505 convertit,
490 1466 590 1505 quas
612 1453 654 1492 in
675 1453 989 1494 Pharisaeorum
1009 1456 1155 1495 schola
1179 1457 1411 1499 imbiberat:
1448 1457 1498 1499 V.
1518 1458 1573 1500 T.

98 1515 147 1554 ea
175 1519 258 1552 arte
288 1511 509 1563 explanat,
548 1522 649 1561 quae
664 1510 917 1563 judaicorum
946 1512 1237 1563 magistrorum
1259 1521 1364 1555 erat:
1406 1516 1572 1566 deniqne

96 1574 422 1623 argumentorum
454 1567 660 1608 conclusio
698 1574 735 1607 et
761 1570 902 1609 modus
933 1569 1158 1609 disserendi
1196 1570 1434 1611 Gamalielis
1464 1573 1573 1611 olent

97 1629 314 1669 alumnum.
373 1625 575 1675 Quocirca
600 1624 678 1665 nisi
697 1626 865 1665 multum
885 1631 922 1665 et
950 1626 1144 1678 temporis
1164 1633 1202 1666 et
1224 1628 1344 1668 studii
1371 1628 1412 1667 in
1434 1629 1480 1670 P.
1500 1643 1572 1668 ex-

95 1685 284 1738 plicando
307 1683 494 1734 posueris
517 1694 787 1734 summamque
809 1683 1058 1735 diligentiam
1080 1684 1335 1737 adhibueris,
1365 1692 1408 1724 ut
1431 1686 1570 1737 judai-

97 1755 184 1782 cam
205 1741 402 1782 rationem
428 1746 464 1779 et
493 1739 749 1791 disciplinam
774 1754 1063 1792 pernosceres,
1102 1754 1247 1793 parum
1274 1743 1319 1782 P.
1352 1742 1571 1794 intelliges.

96 1799 251 1849 Quodsi
267 1810 367 1849 quae
387 1797 432 1838 P.
455 1796 622 1847 scripsit
639 1797 873 1838 Aristotelis
895 1798 1118 1850 discipulus
1141 1799 1270 1839 literis
1291 1799 1355 1839 vel
1376 1801 1571 1840 mandas-

95 1863 154 1897 set
173 1856 238 1896 vel
258 1856 446 1896 mandare
466 1854 684 1906 potuisset,
713 1854 831 1895 nobis
845 1885 857 1906 ,
887 1856 953 1905 qui
975 1856 1224 1896 Graecorum
1243 1862 1280 1896 et
1296 1857 1571 1898 Romanorum

97 1913 226 1954 literis
247 1918 399 1952 mentes
423 1913 473 1951 ad
493 1912 784 1952 humanitatem
806 1913 919 1964 pueri
937 1912 1142 1965 finximus,
1163 1914 1296 1954 minus
1319 1922 1424 1954 esset
1443 1915 1570 1955 mole-

94 1971 196 2012 stiae
225 1969 554 2010 exhauriendum.
637 1970 716 2009 Sed
750 1982 926 2010 summas
956 1970 1206 2011 difficultates
1234 1972 1373 2012 Pauli
1400 1972 1572 2012 indoles

95 2028 223 2081 parit,
253 2039 380 2078 quas,
409 2033 451 2065 ut
472 2025 535 2064 vir
563 2026 721 2066 subtilis
742 2028 809 2078 qui
827 2027 947 2067 simul
974 2027 1134 2079 pietatis
1160 2042 1281 2069 sensu
1313 2042 1568 2069 commovea-

95 2093 159 2125 tur
189 2089 450 2136 superaturus
468 2083 674 2135 videatur,
711 2084 830 2124 homo
855 2084 1024 2125 obtusus
1047 2091 1085 2124 et
1104 2085 1278 2138 frigidus
1304 2087 1418 2126 nullo
1436 2086 1573 2126 vincet

96 2144 228 2183 modo.
287 2140 455 2181 Subtilis
475 2147 535 2180 est
552 2141 656 2180 enim
675 2140 722 2182 P.
735 2172 748 2192 ,
778 2141 1013 2192 ingeniosus
1039 2143 1324 2194 sententiisque
1342 2144 1582 2195 abundans„

97 2201 166 2239 sed
185 2211 334 2251 pareus
357 2210 478 2249 saepe
499 2199 731 2245 verbornm3
770 2205 807 2238 et
826 2199 1040 2251 conjuncta
1060 2200 1105 2239 in*
1134 2214 1178 2240 eo
1205 2207 1266 2240 est
1290 2213 1445 2240 summa
1473 2214 1579 2240 sen-⁴

97 2255 306 2295 tentiarum
331 2254 508 2295 varietas
537 2261 654 2307 atque
679 2255 874 2295 crebritas
905 2264 1050 2296 etcum
1078 2258 1364 2308 disputationis
1391 2258 1579 2297 concita-.

97 2313 229 2362 tiene,
265 2324 364 2363 quae
393 2312 679 2352 abundantium
709 2319 745 2351 et
768 2313 1006 2353 ferventium
1035 2315 1275 2366 scriptorum
1296 2316 1465 2366 propria
1491 2322 1577 2364 est„

96 2376 131 2409 et
152 2381 239 2408 eum
260 2369 451 2409 orationis
472 2371 674 2419 ubertate,
704 2381 824 2421 quam
845 2370 1071 2423 eloquentia
1091 2371 1222 2424 gignit
1244 2384 1294 2410 ex
1313 2373 1435 2412 animi
1453 2386 1578 2412 com-0

70 2445 80 2454 ⁴
96 2426 266 2466 motione
288 2432 324 2464 et
350 2425 495 2476 pietate
525 2433 622 2467 nata
641 2425 701 2480 ᾗ).
757 2427 818 2467 Ita
836 2427 900 2480 fit,
939 2434 982 2467 nt
1004 2443 1130 2480 neque
1154 2428 1215 2467 vir
1237 2428 1395 2469 subtilis
1409 2461 1421 2482 ,
1450 2431 1575 2483 cujus:

95 2483 250 2525 animus
268 2481 436 2534 frigeat,
477 2483 523 2524 P.
542 2490 709 2524 mentem
728 2484 876 2536 ubique
896 2492 1001 2526 recte
1024 2486 1229 2538 percipere
1252 2487 1410 2538 possit,
1441 2494 1477 2527 et
1496 2489 1575 2538 qui.

139 2645 181 2684 ss)
205 2646 355 2677 Paulum
381 2653 461 2677 eum
478 2645 518 2678 C.
536 2644 684 2677 Visellio
702 2646 867 2678 Varrone
896 2648 1112 2680 contendere
1140 2648 1247 2691 lieet,
1285 2649 1329 2681 de
1345 2647 1451 2691 cujus
1476 2658 1564 2683 ora-

185 2693 280 2724 tione
307 2692 403 2731 apud
422 2692 631 2725 Ciceronem
656 2693 757 2724 Brut.
777 2695 800 2726 7
826 2716 835 2731 ‚
856 2692 934 2725 264.
957 2694 1048 2725 haec
1066 2695 1253 2735 leguntur:
1286 2713 1363 2737 ,‚—
1386 2705 1564 2738 praecepa

184 2739 381 2780 quaedam,
413 2741 450 2770 et
476 2747 582 2778 quum
603 2738 737 2770 idcirco
755 2738 928 2776 obscura.
961 2740 1044 2780 quia
1062 2747 1257 2780 peracuta,
1288 2744 1364 2774 tum
1381 2743 1511 2783 rapida
1527 2747 1563 2776 et

186 2785 371 2817 celeritate
394 2787 545 2818 caecata
573 2785 709 2817 oratio:
754 2786 820 2816 sed
845 2794 961 2825 neque
990 2787 1111 2819 verbis
1144 2788 1319 2829 aptiorem
1352 2788 1423 2821 cito
1452 2790 1560 2821 alium

184 2831 351 2872 dixerim,
376 2839 490 2873 neque
511 2831 700 2864 sententiis
722 2829 981 2864 crebriorem.”
