1752 3347
93 1199 138 1239 &x

201 111 288 156 350
485 103 871 149 EPISTOLA
903 102 1008 147 AD
1039 102 1404 149 ROMANOS

199 232 244 261 v.
282 214 355 256 ἵνα
391 208 618 270 πλεονάσῃ
651 210 702 254 τὸ
741 207 1055 269 παράπτωμα,
1104 210 1145 253 si
1172 225 1225 254 ea
1252 211 1350 253 sola
1392 212 1678 268 spectaveriS,
1750 196 1752 223 ³

201 274 313 315 hanc
342 270 428 313 vim
461 269 646 312 habere:
671 293 727 300 —
765 272 816 310 ut
845 267 1109 310 delictorum
1136 266 1406 310 abundantia
1444 272 1567 309 esset
1600 283 1677 326 np.

199 342 352 372 eorum
406 327 451 369 ui
470 326 782 383 delinquerent
799 324 965 384 judicio
984 327 1014 369 i.
1038 340 1082 381 q.
1102 329 1151 367 ut
1171 340 1251 383 per
1268 326 1412 379 legem
1433 323 1544 367 mos.
1567 326 1679 366 mul·

199 387 262 429 tis
293 399 362 427 mo
398 385 437 426 is
474 398 522 426 se
561 397 744 441 peccare
783 375 984 424 homines
1019 387 1338 437 cognoscerent
1375 385 1437 438 (v.
1466 381 1680 434 Vatum).

200 441 294 486 Sed
322 442 401 483 hoc
428 446 556 499 pacto
587 455 629 483 v.
656 438 1088 496 ὑπερεπερίσσευσεν
1115 435 1141 494 ἡ
1169 436 1299 496 χάρις
1326 439 1390 482 sic
1416 437 1681 496 explicanda
1749 484 1752 497 1

201 504 330 543 sunt:
357 498 434 541 ubi
455 496 744 540 multifariam
764 512 812 539 se
831 511 1014 554 peceare
1033 496 1234 538 homines
1255 500 1570 551 cognoverunt,
1590 494 1681 538 div.
1749 502 1752 508 '

197 557 519 600 liberalitatem
559 569 693 612 supra
727 553 901 596 modum
936 552 1186 596 redundare
1221 554 1530 596 intellexerunt
1543 567 1554 603 3
1594 566 1680 608 quo

199 616 316 658 facto
338 613 554 656 sententia
575 611 803 669 perditur,
832 610 1222 668 quomodocunque
1249 625 1426 652 versum
1446 610 1518 652 21.
1543 623 1681 666 expo-
1748 631 1752 649 ·.

202 672 365 715 sueris.
423 668 664 712 Praeterea
685 684 725 712 v.
744 667 815 710 ἵνα
836 668 1034 710 πλεονάσ
1095 666 1146 710 τὸ
1175 665 1465 723 παράπτωμα
1497 665 1551 709 de
1581 667 1681 724 ipso

1033 713 1042 724 ι

200 728 404 786 improbe
431 727 646 769 factorum
677 740 859 768 numero
891 739 1032 780 angen
1068 739 1092 767 o
1129 723 1338 767 sumenda
1369 739 1469 766 esse
1495 739 1518 765 e
1546 738 1587 767 v.
1610 725 1681 766 16.

200 789 342 845 patet.
401 784 521 827 Ven.
552 785 758 826 Nectmler
788 785 946 839 (Θεῖά).
977 786 1012 827 b.
1036 784 1115 838 Μ.
1146 798 1186 827 u.
1211 784 1298 828 Qeit.
1331 785 1367 826 b.
1399 783 1472 832 cbr.
1494 782 1541 826 R.
1563 784 1680 826 hurd>
1751 775 1752 778 ¹

202 845 262 890 bie
282 844 413 896 2100st
435 839 501 894 Π,
534 856 579 898 p.
600 841 725 894 263.)
754 840 867 882 hanc
889 841 1216 882 enarrationem
1246 836 1594 881 commendavit:
1635 841 1683 879 ut

201 900 427 957 pravitas,
454 898 663 954 peccandi
682 897 808 939 libido
839 899 969 952 (‚,bic
1000 898 1140 946 θὶῒαώτ
1167 899 1232 939 bet
1254 893 1403 941 &inibe
1430 897 1483 939 im
1502 894 1682 948 stnern,

202 960 263 1004 bie
292 958 474 1011 intensive
502 956 644 1008 {mozin
673 958 740 999 be&
775 952 1010 1007 siinbboften
1046 952 1294 1008 sprincspffl)
1336 955 1468 993 aucta
1497 951 1683 1007 viqesce-
1749 958 1752 962 '

198 1019 270 1060 ret
294 1028 435 1070 eoque
464 1010 776 1070 perversitatis
806 1009 1076 1052 conscientia
1103 1009 1471 1051 exsuscitaretur.
1530 1007 1685 1050 Affin-

200 1073 273 1115 xit
292 1071 354 1115 V.
374 1070 437 1114 D.
465 1070 528 1126 τῷ
558 1067 893 1125 παραπτώματι
919 1067 1032 1118 vim,
1073 1081 1202 1123 quam
1234 1065 1285 1107 τὸ
1318 1063 1608 1121 παράπτωμα
1638 1068 1685 1106 et

199 1124 228 1187 ἡ
263 1124 461 1184 ἁμαρτία
490 1140 633 1183 neque
665 1124 828 1167 habent
856 1138 998 1180 neque
1027 1129 1216 1181 possunt
1243 1122 1424 1166 hahere.
1489 1115 1553 1164 Of>
1582 1121 1627 1166 h.
1648 1122 1685 1167 l.

200 1185 260 1229 ad
291 1190 466 1242 tempus
493 1184 719 1225 referatur
747 1195 930 1224 neeesse
958 1185 1051 1232 est,
1092 1195 1172 1237 qno
1201 1186 1420 1235 tempore,
1454 1184 1684 1235 postquam

199 1244 282 1300 (cf.
307 1242 467 1300 Eurip.
496 1240 599 1299 lph.
628 1239 688 1283 T.
723 1254 764 1283 V.
785 1238 886 1281 320.
921 1230 974 1280 οἷ)
1006 1237 1061 1293 δὴ
1101 1237 1152 1279 τὸ
1184 1237 1326 1280 δεινὸν
1355 1231 1684 1291 παρακέλευσμ’

217 1295 476 1355 'noviome-ev,
502 1301 509 1354 Ι
544 1296 757 1352 Πυλάδη,
795 1291 1062 1348 θανούμεθ’·
1093 1299 1138 1337 et
1167 1294 1466 1337 Romanorum
1490 1293 1562 1335 ubi
1582 1291 1685 1336 Liv.

232 1390 244 1411 ,
263 1358 356 1400 61..
418 1354 546 1397 Haec
576 1354 648 1396 ubi
670 1354 792 1395 inter
821 1352 950 1407 signa
979 1351 1175 1410 peditum
1207 1351 1326 1393 dicta
1354 1349 1501 1401 dedit,
1537 1350 1687 1391 avolat

201 1413 364 1458 deinde
385 1411 440 1454 ad
461 1411 638 1469 equites
655 1412 756 1466 —)‚
784 1415 835 1453 ut
858 1415 976 1452 recte
994 1410 1195 1452 fecerunt
1214 1410 1337 1452 Grot.
1351 1440 1363 1461 ‚
1396 1408 1521 1450 Gom.
1545 1422 1572 1449 a
1591 1406 1687 1448 La-

200 1472 327 1529 pide,
357 1469 528 1525 Kopp.‚
559 1467 789 1521 Rosenm.‚
828 1466 965 1510 Wahl.
988 1467 1072 1515 al.,
1118 1465 1173 1508 de
1203 1467 1300 1508 loco
1327 1470 1438 1521 (quo
1460 1464 1581 1520 loco)
1607 1477 1686 1505 ex-

234 1528 306 1572 oni
323 1529 455 1586 plane
479 1539 565 1568 non
595 1529 762 1582 potest.
820 1522 937 1565 Nam
967 1527 1203 1580 postquam
1240 1521 1293 1565 P.
1327 1519 1547 1563 conditam
1583 1534 1685 1562 esse

199 1545 346 1642 legem
376 1598 488 1627 mos.
522 1586 569 1624 nt
599 1581 764 1637 aliquid
788 1579 1039 1637 efficeretur
1070 1578 1163 1635 (ἵνα
1193 1578 1419 1634 πλεονάσῃ
1448 1575 1501 1618 τό
1529 1575 1685 1632 παρά-

201 1642 389 1695 πτωμα)
418 1639 687 1696 scripserat,
730 1637 1002 1695 Apostolum
1029 1637 1129 1693 quid
1157 1637 1252 1678 hoc
1282 1634 1500 1692 effecto
1529 1648 1685 1676 conse·

234 1704 388 1742 nutum
420 1702 565 1748 esset,
595 1709 680 1736 non
707 1710 787 1751 quo
814 1695 903 1736 Ioco
929 1697 1022 1735 tum
1052 1693 1140 1734 alia
1167 1707 1238 1735 res
1268 1691 1499 1734 incidisset
1526 1691 1687 1733 afferre

200 1715 413 1800 debuisse
441 1753 573 1795 facile
601 1755 671 1795 est
700 1751 947 1794 intellectu.
1009 1749 1209 1792 Nimium
1243 1750 1381 1803 igitur
1420 1749 1688 1790 festinanter

202 1812 362 1856 Rueck.
395 1810 536 1853 Grotoe'i
567 1808 980 1865 interpretationem
1007 1807 1165 1849 mirum
1191 1810 1474 1849 commentmn
1498 1805 1686 1849 vocavit.

201 1870 356 1922 Rem,
399 1868 548 1917 Grot„
589 1864 752 1920 Beny„
790 1863 1020 1913 Rosenm„
1058 1862 1218 1904 Rueck.
1244 1863 1307 1905 al.
1335 1861 1472 1903 verbo
1502 1857 1687 1916 ὑπερ-

201 1921 458 1981 περισσεύω
498 1921 622 1964 verbi
661 1916 891 1971 πλεονάζω
932 1919 1172 1960 ηοῐίοιιεηιἲ
1196 1932 1277 1976 per
1315 1918 1686 1976 comparationem

202 1982 359 2039 augeri
379 1987 423 2024 et
442 1978 707 2037 amplificari
737 1981 916 2035 putant:
957 1975 1032 2018 uhi
1059 1980 1206 2017 autem
1236 1980 1516 2033 peccatorum
1548 1974 1687 2016 abun-

201 2040 353 2084 dantia
380 2038 582 2088 exstitit,
626 2034 773 2091 major
801 2037 898 2091 (up.
932 2048 1062 2090 quam
1095 2034 1394 2090 peecatorum)
1425 2032 1686 2074 clementiae

201 2096 471 2142 abundantia
492 2092 754 2151 comparuit.
815 2090 948 2144 Quod
970 2091 1010 2132 si
1034 2089 1084 2134 P.
1106 2091 1329 2132 affirmare
1351 2089 1584 2141 voluisset,
1613 2103 1688 2131 eo·

201 2157 301 2200 dem
327 2169 368 2198 v.
389 2156 563 2196 retento
592 2147 979 2205 ὑπερεπλεόνασεν
1007 2150 1053 2204 (l
1076 2147 1119 2189 T
1123 2147 1199 2193 im.
1222 2150 1262 2200 1,
1285 2147 1378 2201 14.)
1407 2161 1487 2204 pro
1521 2144 1689 2203 ὑπερε-

200 2212 497 2269 περίσσευσεν
525 2224 574 2251 re
615 2207 872 2267 postulante
912 2209 1158 2249 exarasset.
1225 2203 1361 2248 Adde
1403 2202 1521 2260 quod
1559 2203 1688 2245 Deus

201 2268 477 2316 Clementiae
499 2280 684 2322 regnum
709 2278 794 2306 non
821 2262 959 2305 lat-ius
985 2268 1140 2320 patere
1171 2263 1312 2303 voluit
1343 2276 1473 2318 quam
1497 2259 1689 2312 Peccati,

203 2327 282 2372 sed
300 2325 412 2369 illud
430 2325 531 2368 huic
550 2320 821 2382 respondere
842 2323 905 2376 (v.
921 2321 1033 2377 ξι).
1093 2319 1263 2361 ΒθὶεΙιίἱ
1282 2318 1563 2377 explanatio:
1593 2333 1686 2360 mu-

196 2386 278 2442 jor
306 2383 449 2427 evasit
476 2381 711 2424 clementia
741 2393 816 2436 up.
848 2392 976 2434 quam
1005 2378 1102 2432 lege
1131 2391 1242 2418 mos,
1274 2391 1359 2418 non
1385 2377 1475 2418 lata
1501 2388 1688 2417 evasura

202 2443 389 2485 fuisset:
417 2454 526 2483 vana
549 2443 633 2482 est.
689 2434 806 2478 Nam
824 2434 874 2478 P.
894 2434 1027 2476 verba
1049 2432 1267 2492 ejusmodi
1286 2440 1387 2476 sunt
1402 2467 1414 2486 ,
1445 2438 1494 2474 ut
1515 2432 1553 2474 si
1573 2429 1686 2488 ὑπέρ

202 2499 529 2542 contentionem
551 2511 649 2538 cum
670 2492 982 2552 superioribus
1004 2491 1181 2533 institui
1203 2490 1435 2541 indicaret,
1452 2491 1528 2532 τὸν
1550 2489 1687 2531 πλεο·-

203 2556 370 2608 νασμόν
393 2555 471 2610 τῆς
501 2551 722 2609 ἁμαρτίας
750 2557 794 2593 et
822 2549 872 2591 τὸ
905 2544 1236 2605 ἶπερῖτέρισσον
1265 2550 1343 2604 τῆς
1371 2547 1555 2604 χάριτος
1586 2558 1685 2587 con-

203 2613 316 2658 ferri
344 2626 439 2653 cum
470 2611 597 2654 Beza
634 2608 763 2652 nohis
795 2605 1135 2649 existimandum
1166 2612 1304 2648 esset.
1380 2600 1684 2661 Comparatio-

205 2685 305 2715 nem
330 2669 542 2725 temporis
573 2672 675 2726 post
703 2665 1025 2724 promulgatam
1054 2664 1196 2718 legem
1227 2677 1337 2704 mos.
1368 2677 1464 2703 cum
1490 2667 1683 2755 tempore

205 2742 296 2787 quo
315 2725 501 2769 nondum
523 2726 598 2766 illa
619 2725 785 2781 scripta
809 2726 929 2765 esset
952 2736 1004 2762 ne
1024 2720 1148 2778 apice
1178 2719 1353 2776 quidem
1378 2718 1429 2761 P.
1454 2715 1567 2770 signi
1604 2729 1682 2754 ca-

205 2789 286 2833 vit.
345 2782 441 2827 Imo
475 2779 588 2838 {rm-'0
614 2781 669 2824 ad
700 2779 880 2824 verbum
911 2779 1134 2838 pertinet,
1184 2777 1255 2820 cui
1285 2775 1582 2835 praepositum
1616 2775 1686 2814 est
