1752 3347
568 104 659 147 CA
677 103 725 147 Ρ.
758 99 846 146 VI.
889 101 980 145 Vs.
1009 101 1071 144 4..
1464 99 1549 142 365

72 215 122 256 ut
137 211 368 264 Christus,
398 211 614 267 sepulti
643 225 721 268 per
741 209 983 264 baptisma,
1025 220 1104 265 quo
1132 205 1293 249 Christe·
1315 205 1540 248 mortino-

73 270 138 312 bis
167 269 333 311 allatae
356 268 523 310 initiata·
551 283 697 311 sumus
726 270 820 324 (np.
855 267 956 323 quia
984 263 1232 321 baptismus
1259 261 1543 329 sepulturum,

71 326 155 383 qna
175 325 474 377 afficeremur,
512 326 652 366 oculis
682 324 909 381 subjecit).
968 321 1178 365 Articnlo
1199 320 1279 361 τοῦ
1298 323 1399 376 post
1419 321 1546 371 βαπ-

70 381 286 435 τίσματος
312 396 422 439 opus
447 396 530 423 non
556 388 647 433 est,
687 375 892 436 qnoniam
915 378 1200 422 Substantiva
1222 376 1275 417 de
1295 375 1545 431 verborum,

69 437 185 480 unde
207 436 334 477 ducta
357 443 475 488 sunt,
495 438 718 478 rationeA
729 438 885 478 rticnlo
906 451 990 477 non
1010 434 1273 490 interposito
1291 437 1545 478 struuntur.

71 493 216 549 Quum
238 492 375 546 igitur
390 490 689 543 βαπτίζεσθαι
709 490 774 541 εἰς
808 491 885 533 τὸν
911 488 1108 532 θάνατόν
1141 503 1257 536 τινος
1283 493 1404 530 reete
1423 488 1543 532 dica-

67 552 167 599 tur,
209 547 318 590 bene
350 547 483 590 etiam
509 547 560 589 τὸ
581 544 815 600 βάπτισμα
835 545 900 596 εἷς
921 546 997 589 τὸν
1016 542 1213 588 θάνατόν
1230 559 1349 594 τινος
1368 559 1544 602 compa-

69 609 320 653 ratumest.
377 603 495 662 Eph.
514 605 557 656 3,
577 602 645 647 13.
675 600 718 645 αἱ
751 601 943 659 θλίψεις
967 617 1054 654 μου
1074 597 1188 657 ὑπὲρ
1208 597 1330 651 ὑμῶν
1349 603 1411 658 (ν.
1434 601 1545 645 θλί-

68 665 237 718 βεσθαι
264 658 380 717 ὑπέρ
401 676 522 710 τινος
539 663 569 702 2
588 660 691 704 Cor.
718 662 757 715 1,
775 662 864 715 6.),
907 658 1026 702 Phil.
1048 660 1070 699 1
1084 691 1096 711 ‚
1114 659 1185 701 26.
1217 655 1243 712 ἡ
1263 657 1340 714 ἐμὴ
1366 673 1545 713 παρου-

69 720 147 762 σία
173 717 310 760 πάλιν
341 717 456 775 πρὸς
476 713 587 771 ὑμᾶς
613 718 692 774 (cf.
712 720 922 774 παρεῖναι
941 713 1058 772 πρὸς
1078 716 1196 768 τινα)
1225 715 1320 758 Col.
1344 715 1468 768 1,24.
1488 714 1544 758 τά

69 775 323 832 παθήματα
350 769 465 830 ὑπὲρ
497 772 617 828 ὑμῶν
643 774 720 829 (cf.
742 772 929 826 πάσχειν
958 768 1072 828 ὑπὲρ
1105 772 1245 826 τινος)
1285 772 1388 816 Gal.
1412 774 1451 826 l,
1474 773 1544 818 13.

70 832 216 875 Thuc.
241 833 279 885 l,
300 834 343 875 6.
363 827 389 888 ἡ
409 831 558 875 δίαιτα
577 827 678 885 μεθ’
701 828 868 874 ὅπλων.
928 828 996 872 Cf.
1018 844 1067 870 su
1073 843 1151 887 pra
1174 843 1217 886 p.
1232 829 1328 874 195.
1389 830 1545 884 Groui,

71 888 252 941 Galerii,
303 887 440 942 Wolsii
467 888 526 932 al.
555 902 673 931 voce.
701 885 766 936 εἰς
794 884 871 928 τὸν
896 883 1094 928 θάνατον
1121 900 1145 927 a
1175 900 1216 928 v.
1242 886 1546 943 συνετάφημεν

67 946 245 989 diverso
267 959 401 988 sensu
433 944 793 1003 snspendentium
824 944 1000 999 (sumus
1028 958 1124 984 cnm
1153 941 1334 985 Christo
1363 957 1443 1001 per
1466 943 1544 985 ha-

68 1003 280 1062 ptismum
311 1003 479 1059 sepulti
506 1003 562 1045 ud
588 1001 999 1057 repraesentemdam
1020 1001 1153 1042 etium
1173 1000 1306 1041 oculis
1335 1000 1546 1045 Christi

68 1064 278 1112 mortem3
328 1061 478 1112 Grot.;
529 1059 585 1101 ml
615 1063 792 1100 moriem
820 1057 1044 1113 peccati
1070 1057 1319 1099 testandum
1347 1063 1390 1100 et
1431 1058 1545 1100 obsi-

63 1117 307 1173 9naudum;
345 1117 488 1159 Calor.
515 1115 666 1173 ll‘olf.)
691 1115 856 1156 rationi
877 1118 1188 1171 praeterquam
1212 1113 1329 1170 qnod
1351 1129 1376 1156 a
1398 1113 1452 1158 P.
1473 1129 1544 1156 ar-

67 1174 398 1228 gumentatione
424 1173 656 1224 ahhorret,
703 1172 919 1213 formulae
945 1167 1213 1212 θάῑιτεσθαι
1245 1169 1306 1221 εἷς
1332 1170 1546 1225 θάνατον,

68 1245 182 1287 quae
208 1245 294 1288 quo
318 1245 451 1272 sensu
473 1229 681 1288 usurpari
700 1229 919 1284 potnerit,
953 1228 1029 1272 vix
1056 1232 1265 1285 apparet,
1304 1228 1547 1271 insolentia

67 1291 212 1331 nocet.
286 1287 500 1330 Fortasse
534 1287 668 1329 lectio
697 1286 780 1330 Mt.
821 1285 864 1330 d.
902 1282 968 1334 εἷς
1002 1284 1078 1326 τὸν
1113 1284 1311 1326 θάνατον
1351 1285 1426 1327 διὰ
1466 1287 1546 1329 τοῦ

65 1342 377 1398 βαπτίσματος
402 1345 606 1399 vulgatae
641 1344 888 1401 scripturae
915 1342 972 1383 ad
1008 1357 1102 1383 eam
1141 1356 1270 1397 quam
1308 1341 1546 1400 rejecimus

66 1404 335 1443 structuram
354 1401 576 1445 revocatio
597 1405 681 1444 est.
745 1401 851 1442 Tum
875 1399 914 1441 si
934 1395 1011 1440 τὸν
1028 1395 1225 1440 θάνατον
1242 1400 1323 1440 τοῦ
1343 1403 1430 1456 Χρ.
1452 1414 1492 1444 v.
1503 1401 1545 1444 3.

67 1462 277 1511 mortem,
318 1472 447 1514 quum
471 1459 635 1501 reditus
667 1458 712 1499 ‘in
741 1457 875 1499 eitam
898 1458 1145 1510 insequutus
1171 1460 1309 1508 esset,
1345 1461 1544 1500 vocatam

66 1529 166 1557 esse
187 1515 464 1567 memineris,
503 1519 547 1555 et
572 1513 806 1555 verborum
839 1509 1172 1566 συνετάφημεν
1201 1508 1348 1567 αὐτῷ
1376 1513 1445 1555 vis
1465 1530 1543 1572 pa-

64 1575 131 1614 tet
161 1575 206 1614 et
231 1575 326 1614 tota
352 1586 419 1615 VS.
440 1571 485 1614 4.
517 1571 738 1613 sententia
764 1571 897 1626 plana
920 1572 1004 1612 est.
1079 1566 1435 1625 QuamquamP.
1459 1587 1543 1628 quo

64 1628 242 1671 facilins
273 1628 602 1684 intelligeretur
622 1631 666 1669 et
697 1624 868 1685 ἠγέρθη
899 1630 947 1667 ut
967 1639 1060 1667 voc,
1082 1626 1369 1682 praecipuum
1390 1629 1543 1671 statim

64 1683 344 1753 post'ciignsp
377 1685 609 1728 collocavit
635 1689 679 1727 et
706 1686 751 1727 in
782 1685 924 1726 altero
945 1681 1139 1724 membro
1168 1682 1416 1739 ponderosa
1434 1700 1474 1729 v.
1499 1685 1544 1728 ἐν

65 1757 291 1798 καινοτητι
317 1743 431 1799 ζωῆς
452 1747 554 1785 ante
573 1738 951 1799 περιπατήσωμεν
974 1740 1139 1797 posuit.
1197 1739 1295 1782 Hoc
1317 1741 1457 1795 igitur
1477 1742 1545 1784 di-
1577 1784 1580 1788 ,

63 1797 155 1842 xit:
205 1803 422 1857 quotquot
448 1815 529 1858 per
561 1799 827 1855 baptismum
856 1797 1021 1838 initiati
1049 1811 1200 1837 snmus
1236 1797 1416 1840 Christo
1447 1799 1547 1854 ejus

65 1860 247 1898 mortem
265 1858 413 1912 (quam
431 1857 596 1899 reditus
617 1859 659 1898 in
677 1857 812 1898 ritum
833 1859 1032 1911 sequutus
1050 1856 1134 1909 est)
1150 1854 1416 1910 baptismate
1437 1859 1479 1912 (s
1491 1871 1543 1898 e-

65 1925 95 1966 p
108 1911 332 1954 ulturae
362 1913 568 1967 imuyiue)
609 1912 893 1954 accubuimus,
963 1910 1187 1964 Sepultc‘
1215 1911 1353 1966 igitur
1388 1928 1541 1955 sumus

68 1967 227 2010 Christi
246 1968 338 2024 (qui
354 1968 583 2023 funeratus
604 1969 736 2010 ritum
756 1967 938 2020 recepit)
964 1967 1183 2022 eoeeuwlo,
1222 1973 1295 2020 ut,
1334 1969 1541 2024 quemad-

66 2023 239 2066 modum
259 2026 304 2067 ’ῖη
323 2026 456 2067 vitam
475 2025 700 2067 restitutus
718 2029 786 2067 est
807 2023 1015 2067 Christus
1036 2038 1091 2065 ex
1111 2023 1268 2067 inseris
1288 2028 1431 2083 patris
1451 2042 1543 2069 ma-

57 2081 249 2141 jestate,
288 2082 350 2123 ita
372 2096 452 2123 nos
474 2085 896 2137 q110q11e2202·2'taiem
924 2081 1036 2122 vitae
1061 2080 1341 2126 haberemus.
1417 2084 1542 2127 Haec

64 2139 281 2180 sententia
303 2138 475 2180 duobus
491 2139 614 2181 vitiis
641 2139 817 2180 laborat
828 2136 978 2198 jndice
998 2137 1188 2182 Reichio.
1253 2138 1404 2183 Primo
1428 2141 1545 2184 enim

64 2195 161 2254 ejus
179 2196 436 2253 sepulturae
460 2196 674 2237 rationem
707 2197 815 2238 hanc
840 2195 1028 2249 eogitari
1050 2209 1182 2251 posse
1211 2202 1366 2252 negat,
1404 2202 1455 2240 ut
1475 2214 1548 2240 se-

97 2253 224 2294 ultus'
242 2253 481 2295 reviviscat
509 2253 553 2295 h.
577 2268 615 2295 e.
648 2252 792 2296 demta
826 2251 1118 2294 similitudine
1142 2268 1192 2295 eo
1223 2255 1411 2297 consilio
1434 2256 1543 2298 vitia

63 2267 226 2365 Reponi
253 2309 494 2362 infitiatur,
531 2316 580 2351 ut
608 2310 766 2352 virtuti
789 2325 965 2368 operam
995 2308 1086 2351 des.
1108 2311 1350 2365 Argutiae.
1423 2311 1542 2356 Sane

66 2365 196 2407 nohis
223 2381 246 2408 e
274 2366 395 2423 turpi
422 2367 510 2408 vita
537 2366 778 2409 cedendum
800 2371 891 2419 est,
939 2370 987 2408 ut
1008 2367 1238 2409 honestam
1261 2369 1397 2411 vitam
1420 2371 1540 2413 viva-

66 2436 164 2463 mus
178 2455 190 2475 ,
219 2423 321 2479 qnia
339 2424 459 2464 lotus
478 2423 669 2466 absurde
691 2425 736 2466 in
753 2439 934 2466 coenum
959 2425 1226 2478 revolvaris,
1264 2425 1461 2483 improbe
1481 2427 1538 2470 ad

65 2493 234 2536 morum
260 2479 578 2536 turpitudinem
609 2480 789 2535 redeas,
827 2496 956 2538 quam
978 2481 1165 2535 fugeris.
1233 2482 1406 2537 Quodsi
1425 2485 1540 2528 fece-

63 2536 144 2588 ris,
167 2536 389 2590 ingenium
407 2538 583 2579 exuisse
603 2542 652 2579 ut
673 2554 830 2580 rursus
854 2537 1060 2579 indueres
1079 2544 1198 2580 recte
1219 2538 1397 2585 dicaris,
1427 2541 1542 2585 Pos-

66 2607 218 2634 sumus
237 2593 400 2647 igitnr,
437 2598 485 2635 ut
503 2595 598 2651 Ap.
620 2594 902 2637 similitudini
931 2596 1160 2648 insistam,
1200 2598 1405 2654 sepeliri,
1444 2604 1538 2641 tum

65 2654 114 2691 ut
133 2650 177 2691 in
197 2650 442 2703 pristinam,
467 2654 559 2692 tum
579 2657 627 2692 nt
646 2652 691 2692 in
710 2666 862 2694 not-am
880 2652 1014 2694 vitam
1035 2653 1339 2699 restituamur.
1397 2656 1537 2699 Vide-

67 2711 142 2747 tur
170 2706 317 2749 Ree'ch.
348 2705 404 2747 ad
432 2721 472 2750 v.
494 2706 539 2748 ἐν
568 2705 866 2763 καινότητι
899 2708 1012 2764 ζωῆς
1039 2724 1125 2751 non
1147 2712 1258 2753 satis
1275 2713 1535 2759 attendisse.

66 2762 239 2806 Deinde
262 2763 530 2818 flagitiorum
547 2763 838 2822 ejurationem
860 2769 904 2806 et
926 2765 1117 2808 studium
1138 2768 1341 2823 virtutis,
1370 2785 1442 2812 res
1462 2786 1537 2813 na-

1611 194 1670 226 a>

1584 2607 1656 2668 d
