1752 3347
406 178 497 223 CA
516 177 565 223 Ρ.
598 177 672 223 11.
709 178 797 223 Vs.
835 177 912 222 26.
946 178 998 220 et
1025 175 1124 220 27..
1417 174 1499 217 137

35 285 216 342 Iyitur
235 285 301 342 (h.
322 300 361 329 c.
384 300 515 352 quum
536 300 702 328 summa
723 300 794 328 res
815 286 858 327 in
877 298 929 327 eo
948 286 1169 334 vertatur,
1198 283 1248 324 ut
1273 281 1362 334 legi
1389 295 1503 327 mos.

32 342 251 396 satisfiat,
280 357 487 409 quomam
510 358 561 385 ne
581 343 854 385 circumcisio
877 340 1049 398 quidem
1074 338 1240 385 Judaeo
1262 338 1501 394 quidquam

36 398 239 457 prodest,
268 414 307 441 sn
327 399 387 442 sit
406 400 606 457 legirupa
629 415 669 444 v.
689 400 783 455 25.)
801 401 838 441 sa·
855 402 920 441 vir
934 397 1238 453 praeputiatus
1265 395 1369 450 legis
1395 409 1502 440 mos.

35 457 244 500 mandata
257 454 454 511 perficiat
467 489 479 509 ,
503 472 637 499 nonne
656 456 753 513 ejus
768 455 1046 511 praeputium
1064 451 1397 496 circumcisionis
1418 452 1505 494 Ioco

33 509 363 556 habebitur—‘e
401 512 652 569 Aptissima
682 518 752 554 est
779 514 821 556 h.
853 512 884 555 l.
913 509 1182 568 percontatio
1222 507 1506 555 affirmativa.

36 569 244 612 Declarat
283 569 396 609 enim
432 583 524 610 rem
552 569 661 610 adeo
693 570 806 610 nulli
831 566 1096 609 dubitationi
1131 565 1359 608 obnoxiam
1387 578 1505 617 esse,

36 630 80 674 nt
100 639 194 667 eam
213 638 267 665 no
287 622 483 666 ,Iudaeus
512 624 714 680 quidem,
752 625 829 680 qui
853 638 894 667 v.
920 625 993 668 27.
1021 622 1334 679 compellatur,
1368 634 1506 676 nega-

35 686 158 731 turus
177 680 252 723 sit.
284 678 362 720 ἱ(Η
380 677 646 734 ἀκροβυστία
667 682 684 735 (
691 681 837 737 priore
856 680 926 734 1.),
948 679 1203 722 vocabulum
1222 678 1508 730 abstractum,

37 735 117 780 vim
138 735 482 786 liabetco‘ncreti
503 735 526 777 ὁ
554 734 828 792 ἆκρόβυστος
855 737 934 791 (cf.
966 750 1009 778 v·
1038 735 1148 791 27.).
1207 735 1337 778 Unde
1365 735 1411 777 in
1440 734 1507 776 al-

34 798 126 836 tero
147 791 343 841 membro
357 789 494 836 αὐτοῦ
514 793 568 849 (i.
591 808 631 838 e.
650 795 730 835 τοῦ
749 788 1048 850 ἅκροβύστου)
1078 795 1197 834 recte
1230 791 1286 834 ad
1311 787 1339 862 ᾗ
1369 787 1509 844 ἀκρο-

32 848 188 903 βυστία
207 849 425 903 refertur,
454 864 586 906 quum
616 850 697 892 hoc
723 864 850 892 sensu
876 847 991 890 idem
1020 848 1081 890 sit
1143 847 1229 890 uod
1261 846 1284 890 ὃ
1313 844 1509 904 ακρόβυ-

33 919 135 955 στος
148 905 259 963 (vid.
284 905 397 950 Wzn.
416 921 484 961 gr.
546 939 558 951 .
581 906 679 951 129.
699 906 807 962 δεμ).
862 904 1090 961 Loquutio
1112 863 1340 958 ῗογίζεταί
1365 919 1412 946 τι
1442 899 1508 953 εἴς

31 978 74 1005 τι
93 962 224 1018 (Act.
249 964 316 1016 19,
327 963 400 1007 27.
419 963 461 1007 L
490 964 505 978 γ’
561 996 573 1008 .
604 963 698 1009 Jes.
717 966 790 1015 40,
804 963 872 1008 17.
901 961 1008 1021 Sap.
1029 961 1148 1016 9‚6.)
1176 960 1287 1002 hanc
1312 961 1399 1002 vim
1428 960 1510 1002 ha-

32 1019 132 1064 het:
162 1016 384 1076 λογίζεταί
402 1036 447 1063 τι
477 1018 557 1071 εἰς
582 1019 641 1067 τὸ
671 1022 732 1077 (s.
755 1018 916 1074 ὥστε)
935 1016 1048 1060 εἶναί
1066 1033 1110 1059 τι
1129 1018 1195 1059 ita
1212 1032 1282 1060 res
1301 1017 1509 1060 aestima-

30 1081 126 1130 tur,
153 1081 201 1119 ut
221 1091 291 1120 res
312 1077 394 1130 sit,
420 1077 466 1122 h.
489 1092 528 1120 e.
545 1082 600 1120 Aut
613 1092 692 1133 pro
712 1092 760 1121 re
779 1076 921 1120 valeat
939 1075 971 1120 i.
995 1089 1039 1132 q.
1062 1073 1271 1117 tribuitur
1289 1073 1420 1116 alimci
1440 1072 1509 1116 rei

32 1133 97 1175 vis
143 1147 197 1175 ac
243 1133 405 1188 pondus
447 1135 528 1178 rei.
586 1132 927 1190 λογισθήσεται]
958 1128 1223 1187 μετατραπή
1229 1144 1355 1172 σεται
1382 1129 1456 1173 32.
1491 1128 1504 1185 Ι

33 1188 197 1247 Chrys.
218 1189 264 1231 in
294 1192 421 1232 textu
447 1186 855 1248 περιτραπήσεται,
894 1189 940 1231 ἰιι
970 1186 1249 1234 enarratione
1275 1185 1513 1242 τραπήσε-

31 1260 122 1301 ται.
181 1245 294 1288 Sunt
322 1247 608 1302 glossemata.
664 1246 850 1290 calvim:
880 1271 971 1300 ‚,—
995 1245 1067 1286 hic
1096 1243 1312 1286 neminem
1339 1241 1510 1284 sollici-

31 1306 123 1344 tum
143 1316 243 1346 esse
263 1308 437 1361 oportet
461 1303 513 1346 de
539 1303 697 1361 quibus
728 1303 844 1357 legis
870 1301 1116 1344 cultoribus
1146 1299 1338 1355 intelligi
1365 1299 1513 1356 possit

36 1357 239 1414 quodait
258 1358 337 1414 P.,
374 1359 549 1417 (filando
581 1361 727 1402 nullos
756 1360 870 1402 tales
898 1358 1095 1416 reperire
1120 1357 1268 1400 liceat.
1328 1355 1512 1413 Simpli-

31 1416 144 1458 citer
165 1416 278 1458 enim
302 1417 412 1459 hanc
433 1417 699 1474 hypothesin
728 1430 974 1474 proponere
999 1415 1045 1457 in
1074 1413 1219 1456 animo
1249 1412 1428 1465 hahuit,
1463 1411 1515 1453 si

31 1473 133 1528 quis
152 1473 335 1527 gentilis
356 1476 608 1531 reperiatur
628 1474 706 1530 qui
730 1478 871 1527 legem
900 1472 1125 1523 observet,
1165 1469 1262 1528 ejus
1288 1467 1513 1528 justitiam

30 1528 174 1586 pluris
194 1544 293 1571 esse
312 1530 358 1572 in
380 1531 635 1588 praeputio,
667 1544 796 1585 quam
818 1529 845 1572 J
851 1528 976 1571 udaei
996 1528 1094 1570 sine
1126 1526 1296 1569 'ustitia
1324 1525 1512 1568 circum·-

30 1585 286 1629 cisionem.”
341 1585 438 1630 Imo
457 1601 542 1629 non
562 1585 615 1628 de
636 1587 686 1628 esu
710 1577 960 1628 obedientia
982 1583 1034 1628 P.
1055 1584 1099 1627 h.
1114 1541 1151 1627 i.
1181 1583 1387 1640 exponit,
1416 1581 1505 1638 qua

30 1641 204 1697 singula
223 1642 339 1697 legis
359 1658 469 1689 mos.
492 1642 695 1685 mandata
717 1657 892 1700 semper
910 1640 1220 1692 conficiantur,
1261 1638 1340 1681 sed
1355 1638 1409 1681 de
1439 1638 1507 1692 ea,

33 1701 119 1756 qua
147 1699 425 1755 gravissimis
444 1700 534 1742 Dei
563 1699 816 1757 praeceptis
846 1699 1106 1756 plerumque
1135 1695 1345 1739 satisfiat.
1402 1694 1511 1738 Cre-

30 1754 199 1798 didisse
219 1761 364 1799 autem
387 1755 462 1811 P.,
493 1756 680 1800 inveniri
700 1757 913 1812 gentiles,
940 1755 1017 1811 qui
1035 1769 1166 1811 quum
1183 1753 1255 1810 pie
1274 1756 1409 1808 atque
1432 1751 1512 1794 ho-

29 1818 155 1855 neste
174 1813 394 1868 viverent,
424 1814 598 1857 divinae
617 1815 706 1869 legi
726 1812 905 1855 obedire
934 1817 1054 1854 recte
1081 1809 1334 1852 dicerentur
1362 1813 1454 1851 tum
1483 1822 1509 1850 e

31 1883 98 1914 VS.
125 1871 194 1914 10.
214 1875 260 1912 et
279 1871 376 1925 14„
405 1877 499 1919 tum
526 1886 550 1913 e
578 1877 733 1913 nostro
762 1871 796 1913 l.
827 1869 1113 1923 intelligitur.
1171 1865 1396 1922 Alioquin
1424 1879 1512 1907 nou

31 1930 149 1980 erat,
181 1927 299 1983 quod
316 1942 535 1985 paganum
563 1927 653 1983 legi
682 1926 955 1970 obedientem
977 1924 1144 1970 Judaeo
1172 1924 1404 1980 legirupae
1433 1936 1511 1964 an-

30 1983 240 2031 tecellere
265 1985 475 2039 gravibus
500 1985 648 2027 verbis
677 2000 718 2028 v.
745 1985 817 2029 27,
844 1982 1013 2025 diceret
1037 1986 1082 2023 et
1107 1981 1218 2022 hanc
1248 1979 1513 2022 sententiam

32 2040 114 2082 hoc
133 2047 390 2095 argumento
410 2042 606 2084 firmaret
620 2057 661 2085 v.
681 2040 753 2084 28.
772 2041 868 2084 29.:
898 2039 926 2084 J
928 2039 1114 2082 udaeum
1146 2040 1190 2079 et
1214 2035 1512 2084 circumcisio-

31 2109 131 2140 nem
149 2097 196 2139 in
216 2099 326 2154 pura
345 2102 476 2154 atque
494 2099 750 2156 incorrupta
768 2102 912 2140 mente
937 2097 1102 2148 latere,
1142 2108 1227 2136 non
1256 2093 1302 2135 in
1327 2106 1513 2150 corpore

33 2153 244 2211 conspici.
288 2181 343 2187 —
400 2155 594 2211 Virgulzi
633 2159 737 2212 post
773 2151 1096 2211 λογισθήσεται
1125 2163 1167 2194 v.
1197 2150 1269 2194 26.
1298 2148 1515 2191 collocata

32 2211 308 2267 percontatio
327 2227 469 2269 usque
488 2212 546 2255 ad
563 2213 693 2254 finem
710 2226 753 2256 v.
772 2211 846 2255 27.
865 2207 1160 2253 continuanda
1179 2211 1247 2250 est
1268 2221 1365 2248 cum
1388 2205 1512 2260 Kop-

35 2266 133 2321 pz’o,
181 2266 369 2312 Lachm.
403 2270 481 2313 al..
559 2267 676 2311 Nam
717 2268 792 2324 qui
821 2282 917 2309 eam
944 2281 1075 2310 versu
1103 2265 1176 2309 26.
1202 2263 1512 2315 terminarunt,

39 2321 204 2377 Beny„
233 2323 393 2381 chpp
414 2327 498 2379 aL,
530 2326 587 2368 iis
605 2325 690 2367 duo
710 2326 913 2376 obstant,
940 2321 1036 2372 καί,
1076 2336 1157 2377 pro
1189 2335 1273 2376 quo
1309 2323 1386 2361 aut
1410 2333 1513 2376 par-

34 2378 173 2421 ticula
190 2384 613 2434 argumentationem
635 2383 832 2424 inserens
851 2379 1050 2438 ponenda
1072 2381 1231 2429 fuerat,
1253 2391 1295 2420 v.
1318 2390 1357 2420 c.
1381 2376 1512 2418 Τοί-

39 2451 132 2477 νυν
155 2434 318 2491 (Hebr.
347 2440 520 2493 l3,13.)
548 2442 684 2495 κρινεῖ
713 2454 751 2482 s.
781 2437 1097 2493 Τοιγαροῦν
1126 2436 1175 2490 (l
1196 2433 1364 2483 The-ss.
1390 2432 1434 2485 4,
1447 2431 1516 2487 8.)

38 2495 176 2546 κρινεῖ
194 2508 232 2535 κ.
255 2507 292 2534 τ.
314 2493 348 2534 λ.
364 2525 374 2541 ,
404 2500 480 2538 aut
498 2497 656 2537 saltem
677 2496 768 2536 Καὶ
788 2491 930 2535 οὕτω
950 2494 1087 2545 κρινεῖ
1108 2508 1144 2532 κ.
1176 2505 1214 2533 τ.
1247 2491 1285 2532 λ.
1314 2489 1512 2533 scriben-
1571 2522 1576 2526 ,

38 2547 165 2602 dum,
211 2553 256 2591 et
297 2564 492 2594 summus
523 2551 680 2605 ardor,
727 2565 854 2608 quem
884 2548 938 2592 P.
968 2547 1182 2592 Judaeum
1213 2545 1516 2604 compellando

37 2619 80 2652 V.
100 2605 172 2649 27.
194 2607 456 2663 expromsit.
515 2608 642 2663 Quae
661 2607 939 2664 compellatio
969 2610 1071 2662 apta
1098 2608 1167 2646 est
1191 2604 1236 2645 in
1267 2604 1515 2659 interroga-

37 2662 180 2716 tione,
221 2663 307 2718 qua
338 2678 500 2721 pravus
532 2665 728 2709 Judaeus
761 2663 915 2719 culpae
945 2660 1249 2714 convincatur,
1286 2661 1436 2718 inepta
1469 2660 1517 2702 in

39 2719 346 2772 conclusione,
379 2721 421 2761 in
443 2722 527 2777 quei
549 2721 684 2762 animi
711 2718 913 2761 ardorem
946 2717 1141 2760 residere
1167 2732 1249 2776 par
1269 2721 1373 2761 est..
1413 2732 1515 2772 κρι-

42 2777 123 2831 νεῖ]
153 2775 423 2832 injmlicieme
446 2777 612 2820 vocabit
634 2778 731 2820 scil.
754 2791 834 2817 suo
858 2775 1095 2833 probitatis
1113 2776 1314 2832 exemplo
1335 2775 1379 2817 h.
1399 2789 1438 2815 e.
1469 2777 1515 2813 te

44 2831 88 2874 in
122 2834 250 2891 culpa
295 2849 392 2876 esse
433 2835 560 2877 honio
590 2833 894 2892 praeputiatus
923 2847 1003 2875 suo
1031 2832 1277 2876 honestatis
1317 2829 1515 2885 exemplo
