1752 3347
219 165 306 209 322
493 158 873 204 EPISTOLA
906 159 1011 204 AD
1041 159 1410 207 ROMANOS

223 267 448 326 copularis
486 268 549 322 (v.
579 267 754 325 supra).
828 265 1001 310 Horum
1037 267 1329 326 interpretum
1371 268 1690 324 expositionem

221 324 424 368 nonnihil
441 324 638 366 correxit
658 321 882 376 Reicltins,
910 322 1099 375 Paulum
1115 330 1194 367 aut
1223 329 1273 366 ut
1302 324 1563 367 sententiam
1593 339 1692 369 ver-

219 383 291 424 bis
310 395 352 426 v.
374 381 444 424 12.
474 381 550 422 καί
570 377 710 430 οὕτως
726 404 783 412 —
805 377 876 434 ἐφ’
894 375 931 438 ᾧ
949 396 998 422 π.
1016 378 1058 422 ἵ.
1079 385 1333 439 conceptam
1351 381 1438 424 rite
1456 380 1696 435 stabiliret,

220 443 299 481 aut
318 436 437 495 quod
452 442 705 488 vereretur,
735 435 852 492 quod
872 452 938 480 me
952 400 1102 498 judsice
1122 444 1318 481 metuere
1336 452 1422 480 non
1443 436 1588 495 potuit
1606 437 1697 482 nisi

218 497 434 538 lectorum
451 492 623 553 judicio
650 494 783 535 nimis
813 494 946 537 etiam
974 494 1174 549 diffisus,
1203 510 1258 538 ne
1288 495 1389 552 quis
1419 495 1561 550 legem
1582 509 1697 539 moe.

220 556 407 595 mortem
445 555 491 592 et
530 551 690 593 minari
727 554 774 593 et
799 550 957 594 afferre
983 552 1041 594 iis
1070 567 1253 610 poenam
1319 552 1362 594 ui
1389 557 1540 594 eontra
1571 552 1694 594 illam

220 607 523 652 commiserint
547 607 784 667 objiceret,
812 621 854 652 v·
872 608 942 653 13.
964 613 1008 651 et
1024 610 1095 654 14.
1123 610 1231 652 haec
1256 625 1279 651 a
1310 609 1475 668 jecisse
1502 608 1697 650 arbitra-

219 672 319 710 tus:
355 663 533 708 Adamo
559 669 743 722 propter
769 664 944 708 facinus
972 670 1112 709 morte
1138 667 1327 724 primum
1355 665 1512 708 affecto
1544 680 1696 707 omnes

219 722 428 779 deinceps
449 721 648 764 homines
669 722 747 778 qui
773 728 1033 779 peccassent
1062 731 1246 766 mortem
1275 723 1559 775 occubuisse,
1587 722 1699 780 quod

222 793 360 838 poena
395 778 559 821 Adamz·
591 783 770 834 peccato
807 779 1004 835 irroqata
1038 781 1241 823 divinitus
1277 780 1539 823 retineretur
1564 784 1607 821 et
1639 777 1696 821 ab

224 835 420 879 omnibus
446 835 686 877 hominibus
714 835 787 892 qui
811 834 1016 892 facinora
1040 838 1274 880 edidissent
1299 841 1451 890 postea
1470 840 1697 890 expetere-

220 898 311 937 tur.
369 889 530 949 Itaque
550 892 847 949 Apostolum,
885 898 1119 950 postquam
1145 900 1250 950 ante
1283 894 1427 948 legem
1455 907 1563 934 mos.
1594 906 1697 949 pec-

219 954 320 992 cata
345 954 521 1007 patrata
549 963 674 1002 esse,
717 963 773 991 ne
796 950 986 992 lectores
1018 950 1289 992 facinoribus
1325 948 1484 991 mortis
1518 963 1696 991 causam

220 1006 438 1050 contineri
451 1005 832 1058 obliviscerentur,
854 1007 1135 1049 observasset
1154 1012 1201 1048 et
1222 1021 1307 1048 nou
1327 1005 1536 1064 imputari
1551 1006 1698 1048 solere

220 1067 403 1123 peccata
421 1064 519 1119 lege
539 1077 626 1105 non
646 1063 740 1104 lata
766 1062 1040 1116 addidisset,
1066 1063 1216 1105 verbis
1243 1077 1284 1107 v.
1307 1064 1379 1108 14.
1408 1058 1501 1104 ἀλλ’
1533 1088 1586 1093 -
1618 1064 1699 1118 τῆς

220 1136 331 1176 παρ,
356 1115 496 1174 Ἀδάμ
524 1120 838 1162 assumtionem
874 1119 1119 1180 subjecisse
1156 1120 1331 1178 putavit
1372 1119 1516 1176 (atqui
1543 1133 1699 1161 omnes

219 1177 471 1237 promiscue
491 1177 692 1219 homines
714 1177 769 1218 ab
788 1175 966 1220 Adamo
991 1192 1131 1234 usque
1151 1176 1207 1219 ad
1223 1176 1379 1220 Mosen
1398 1176 1561 1218 mortui
1576 1180 1700 1229 sunt,

219 1250 310 1292 quo
348 1238 547 1291 tempore
582 1249 642 1276 ex
672 1234 795 1275 nulla
823 1234 922 1289 lege
950 1240 1131 1292 peccata
1160 1235 1218 1277 iis
1252 1233 1464 1293 imputari
1498 1239 1700 1300 possent,

221 1292 381 1335 nisiex
402 1291 506 1345 illa,
537 1290 663 1350 cujus
693 1290 736 1333 vi
758 1289 962 1333 Adamas
991 1297 1248 1349 perpetrato
1277 1291 1471 1334 facinore
1497 1289 1700 1332 interiis-

220 1350 340 1403 set),
365 1362 424 1390 ex
447 1349 533 1404 qua
561 1347 888 1391 conclusionem
917 1348 962 1390 in
981 1363 1100 1394 voce.
1127 1347 1179 1399 ὃς
1208 1347 1303 1392 ἐστι
1321 1364 1359 1390 τ.
1376 1363 1415 1389 τ.
1436 1363 1482 1400 μ.
1516 1347 1697 1389 latitan-

221 1410 310 1448 tem
332 1405 499 1447 faceret
517 1404 651 1448 hanc:
681 1404 833 1461 itaque
849 1420 1002 1448 omnes
1021 1406 1220 1448 homines
1241 1406 1283 1448 vi
1313 1405 1410 1465 ejus
1438 1405 1551 1459 legis
1579 1417 1699 1445 mor-

219 1462 288 1504 tui
305 1467 430 1515 sunt,
459 1475 512 1504 ex
529 1461 656 1519 cujus
680 1462 924 1516 sententia,
955 1468 1189 1520 postquam
1208 1462 1379 1506 Adami
1406 1461 1601 1503 facinore
1628 1460 1699 1502 fa-

219 1523 340 1561 ctum
363 1523 462 1572 est,
493 1523 546 1561 ut
575 1523 641 1561 ex‘
660 1520 711 1561 exi
737 1518 974 1575 aliquando
1001 1525 1232 1575 ageretur,
1260 1518 1314 1561 de
1334 1518 1535 1561 omnibus
1551 1517 1701 1559 homi-

219 1575 355 1617 nibus
376 1575 591 1632 improbis
611 1575 795 1632 posthac
821 1576 1085 1633 supplicium
1119 1582 1387 1619 sumeretur.
1447 1573 1699 1630 Quominus

219 1632 447 1690 spinosam
469 1631 530 1676 V.
542 1631 604 1675 D.
622 1633 1032 1689 interpretationem
1082 1633 1228 1675 rebem
1249 1632 1400 1690 multis
1421 1631 1698 1685 argumentis

219 1687 465 1746 impedior,
496 1703 681 1745 quorum
704 1689 790 1730 tria
808 1703 984 1746 ponam.
1042 1647 1176 1732 falso
1201 1690 1317 1731 enim
1347 1704 1388 1733 v,
1413 1689 1481 1732 13.
1510 1688 1697 1730 invicem
1747 1718 1752 1725 .

221 1746 386 1803 opponi
427 1740 479 1802 ἦν
516 1746 638 1800 (μὲν)
677 1741 872 1800 ἁμαρτία
913 1745 958 1788 ἐν
998 1743 1151 1800 κόσμω
1190 1753 1234 1788 et
1265 1744 1342 1788 oz’uc
1374 1744 1618 1800 ἐλλογᾶται
1645 1743 1697 1787 δὲ

219 1801 416 1857 ἁμαρτία
434 1795 531 1854 μ.’ό.
552 1819 590 1845 ν.
612 1802 781 1859 putavit
809 1805 874 1858 (V.
890 1804 1065 1860 supra).
1123 1789 1300 1845 Deinde
1328 1799 1440 1843 ἀλλά
1461 1816 1499 1844 v.
1514 1801 1585 1844 14.
1607 1813 1696 1842 non

219 1857 441 1914 significat
460 1858 594 1914 atqui,
651 1857 856 1914 Denique
878 1860 1125 1913 conclusio,
1156 1874 1286 1915 quam
1306 1859 1348 1900 in
1369 1858 1539 1899 ultimis
1559 1871 1601 1901 v·
1621 1856 1697 1900 14.

219 1929 261 1959 v.
283 1915 425 1956 latere
447 1914 613 1968 voluit,
641 1914 704 1956 ita
726 1914 787 1955 ibi
809 1913 965 1956 obruta
979 1915 1123 1974 jacet,
1153 1920 1202 1957 ut
1226 1930 1320 1957 eam
1340 1916 1542 1956 viximus
1560 1913 1696 1973 hujus

220 1971 438 2030 epistolae
458 1971 598 2013 lector
616 1969 669 2013 de
688 1970 812 2013 mille
834 1976 1042 2014 eruturus
1063 1972 1139 2016 sit.
1198 1971 1356 2028 Neque
1377 1970 1426 2014 S.
1438 1970 1498 2014 V.
1510 1970 1698 2022 Scheria,
1748 1992 1752 1997 ·

254 2043 350 2071 uem
368 2029 510 2071 virum
533 2027 693 2070 summi
713 2027 854 2081 facio,
884 2029 1124 2073 assentior.
1183 2026 1232 2071 Is
1249 2026 1493 2085 (Opusc.l,
1516 2026 1697 2085 p.357.)
1743 2032 1752 2084 ἵ·

217 2043 408 2130 ἕειιΙιιηι
427 2098 468 2129 V.
495 2086 565 2130 13.
577 2091 621 2127 et
635 2085 706 2128 14.
728 2085 837 2126 hanc
855 2087 1119 2128 sententiam
1140 2086 1298 2128 efferre
1319 2089 1539 2128 autumat:
1567 2082 1696 2126 Ada-
1745 2102 1752 2107 ·

219 2143 281 2185 mi
308 2147 539 2200 posteros,
576 2142 653 2199 qui
679 2147 781 2185 ante
806 2143 922 2196 legis
943 2158 1053 2186 mos.
1083 2143 1478 2200 promulgationem
1505 2146 1695 2183 aetatem

216 2199 474 2255 degisseut,
515 2205 749 2258 propterea
777 2206 918 2242 morte
942 2201 1127 2242 affectos
1157 2215 1279 2250 esse,
1321 2198 1437 2256 quod
1465 2213 1546 2257 per
1564 2196 1696 2242 Ada-

215 2272 333 2300 mum
364 2262 576 2314 perpetua
603 2256 881 2299 necessitudo
909 2258 1186 2309 exstitisset,
1229 2271 1342 2315 quae
1370 2262 1546 2313 peccata
1577 2256 1695 2298 inter

216 2317 263 2356 et
294 2313 512 2356 moriendi
545 2315 853 2356 necessitatem
891 2314 1201 2358 intercederet.
1282 2314 1357 2356 Sic
1389 2314 1529 2368 igitur
1549 2312 1610 2357 V.
1629 2311 1693 2356 D.

218 2372 434 2429 explicat:
464 2385 646 2424 „omnes
666 2385 871 2428 peccasse
889 2370 986 2413 dico
1010 2375 1072 2427 (v.
1097 2372 1212 2426 12.);
1242 2371 1440 2430 profecto
1469 2369 1584 2412 enim
1616 2383 1692 2412 us-

251 2444 303 2471 ue
331 2428 386 2470 ad
412 2429 557 2483 legem
584 2442 693 2471 mos,
719 2434 897 2485 peccata
924 2428 1043 2471 inter
1072 2428 1275 2472 homines
1307 2428 1540 2470 commissa
1569 2428 1690 2470 sunt.

215 2443 273 2526 1«th
302 2499 567 2542 quamquam
607 2491 785 2542 peccata
825 2486 1036 2540 imputari
1074 2491 1320 2573 netgueunt,
1367 2485 1577 2543 quamdiu
1611 2483 1685 2525 lex

215 2542 336 2584 nulla
379 2541 505 2583 adest
543 2546 607 2598 (v.
631 2543 746 2595 13.);
792 2542 870 2584 illa
903 2546 1085 2584 tamen
1118 2545 1185 2598 (.)
1213 2542 1424 2585 moriendi
1456 2538 1686 2585 ‚necessitas

211 2598 379 2640 etiam
399 2597 464 2653 (2²)
483 2599 540 2641 ab
561 2598 737 2640 Adamo
766 2597 822 2640 nd
839 2598 994 2640 Mosen
1025 2614 1165 2656 usque
1191 2600 1422 2658 imperium
1452 2612 1579 2640 suum
1607 2608 1686 2635 ex-

211 2655 353 2696 ercuit
384 2656 556 2712 [etiam]
598 2656 644 2698 in
682 2655 899 2714 ejusmodi
938 2655 1158 2710 homines,
1205 2659 1279 2714 qui
1320 2667 1591 2712 nequaquam
1630 2665 1685 2692 00
1731 2705 1737 2709 ί

211 2709 337 2753 modo
364 2717 674 2780 peccaverant,
715 2728 802 2770 quo
830 2711 1034 2755 Adamus
1064 2714 1204 2768 legem
1236 2712 1523 2756 violaverat.”
1576 2708 1684 2750 Dif-

209 2768 327 2811 ferre
354 2767 597 2826 ἐλλογᾶται
625 2766 650 2826 ἡ
679 2766 874 2828 ἁμαρτία
902 2770 964 2828 (Υ.
986 2770 1078 2827 13.)
1108 2777 1152 2814 et
1175 2770 1409 2825 βασιλεύει
1429 2765 1454 2812 ὁ
1481 2763 1684 2815 &dumos
