1752 3347
516 148 613 204 CA
625 146 679 196 P.
710 149 773 195 V.
817 147 912 195 Vs·
939 147 984 195 8.
1002 150 1063 196 9..
1451 151 1537 197 273

66 256 186 315 quod
206 260 418 310 mortem,
450 270 580 314 quam
612 256 684 300 vix
719 257 951 314 quisquam
981 270 1063 314 pro
1091 254 1244 314 probis
1272 255 1425 313 adeat,
1454 271 1537 317 pro

62 315 280 374 improbis
307 314 574 357 subeundam
606 313 786 358 Christo
815 313 1117 372 imperaverit.
1179 313 1315 356 Alias
1339 316 1534 359 Christus

62 386 139 425 eo,
169 370 286 428 quod
307 375 486 414 mortem
508 386 587 428 pro
611 386 771 426 genere
790 371 978 415 humano
1004 371 1213 423 obiisset,
1243 386 1368 413 suum
1393 372 1533 415 bomi-

61 428 195 470 nibus
217 442 407 470 amorem
434 427 685 470 declarasse
714 427 878 470 dicitur
901 428 1003 471 Gal.
1023 428 1066 481 2,
1085 429 1156 472 20.
1186 428 1301 484 Eph.
1320 428 1361 481 5,
1377 429 1420 472 2.
1438 430 1530 476 25..

61 483 240 551 Quippe
260 498 346 526 non
366 489 565 537 coactus,
598 484 677 526 sed
695 486 814 525 ultro
837 490 927 526 tum
958 485 1046 528 div.
1072 484 1374 526 mandatorum
1398 501 1530 534 reve-

58 544 202 584 rentia
224 544 314 581 tum
335 539 451 595 quod
471 540 669 581 homines
690 544 857 582 amaret
876 541 931 582 ad
950 540 1039 582 Dei
1060 555 1107 582 se
1126 542 1394 582 voluntatem
1424 558 1528 585 con-e

57 596 264 640 formavit
293 594 413 638 Phil.
433 596 482 647 2,
500 595 560 639 8..
619 592 707 637 ἔτι
736 591 1007 650 ἁμαρτωλῶν
1035 590 1171 637 ὄντων
1197 592 1336 652 ἡμῶν]
1373 598 1460 640 His
1481 614 1525 645 v.

56 667 143 696 non
170 652 252 694 hoc
282 649 336 695 P.
365 650 554 705 indicat,
601 664 714 692 nunc
749 665 830 692 nos
860 652 974 694 nihil
1000 650 1256 708 delinquere
1296 655 1359 709 (v.
1387 669 1526 712 supra

54 724 100 768 p.
117 709 237 763 470,
274 707 352 750 sed
379 722 510 765 quum
538 706 699 750 delicta
730 707 966 750 etiamnum
994 710 1341 763 committamus,
1377 715 1523 755 tamen

52 779 160 820 nos,
196 763 366 809 Christi
400 764 618 823 supplicio
655 765 885 822 expiatos,
921 765 1107 819 inteyros
1145 780 1172 807 a
1197 767 1292 808 Deo
1321 766 1524 821 judicari

51 822 420 886 (δικαιωθῆναι),
449 827 499 864 ut
519 836 543 864 e
561 835 603 867 V.
624 822 669 866 9.
695 822 856 866 elucet.
916 817 988 864 ὅτι
1009 820 1095 878 ἔτι]
1129 821 1233 876 Syr.
1255 822 1418 880 Chrys,
1449 823 1525 869 ὅτι

51 897 109 943 εἰ.
146 897 268 942 Male
287 898 432 956 Syrus
451 896 520 943 ὅτι
540 901 712 942 retento
733 895 774 942 εἰ
794 897 955 941 sumsit
970 911 1053 955 pro
1076 894 1147 940 ὅτι
1163 881 1294 973 (dg)
1323 915 1365 946 v.
1391 902 1523 946 Mat..

48 970 166 1014 thiae
195 972 302 1024 aussf.
333 984 391 1027 gt.
414 969 491 1015 G‘jr.
529 983 573 1027 p.
605 968 732 1012 1251.
762 981 832 1023 sq.
897 965 1015 1009 Nam
1052 967 1093 1010 si
1130 966 1277 1012 idonei
1309 968 1417 1011 libri
1450 966 1522 1013 ὅτι

48 1028 330 1081 omitterent,
358 1024 400 1070 εἰ
416 1027 604 1084 primum
629 1026 672 1067 in
695 1023 761 1068 ἔτι
783 1027 1068 1083 depravatum
1097 1029 1144 1067 et
1171 1039 1223 1067 ex
1252 1026 1333 1068 hoc
1363 1030 1522 1083 postea

49 1078 122 1127 ὅτι
141 1089 290 1127 natum
321 1078 420 1126 esse
447 1083 644 1141 speciose
670 1083 834 1138 aliquis
864 1082 1130 1137 disputaret.
1190 1081 1279 1124 Sed
1313 1097 1445 1138 quum
1463 1083 1518 1127 F.

48 1138 108 1185 G.
127 1141 266 1197 Vulg.
295 1156 377 1185 ms.
408 1140 545 1198 Cypr.
576 1139 722 1182 Hilar.
751 1140 812 1183 al.
844 1144 889 1182 et
917 1138 988 1180 ὅτι
1018 1136 1070 1181 εἰ
1099 1135 1187 1180 ἔτι
1215 1139 1259 1182 h.
1277 1139 1310 1182 l.
1332 1139 1522 1181 offerant

46 1201 94 1240 et
121 1212 163 1242 v.
183 1200 227 1242 9.
260 1192 336 1240 οὖν
362 1198 588 1250 omittant,
636 1196 915 1238 manifestum
947 1199 1041 1249 est,
1092 1209 1223 1251 quum
1251 1193 1289 1237 εἰ
1328 1210 1409 1252 pro
1449 1193 1521 1238 ἔτι

45 1255 160 1298 male
179 1269 205 1296 a
226 1254 450 1297 nonnullis
469 1255 682 1311 scriptum
703 1257 848 1306 esset,
876 1253 988 1295 alios
1007 1267 1048 1296 v.
1069 1252 1138 1295 10.
1166 1252 1355 1294 intuitos
1385 1250 1427 1294 εἰ
1455 1251 1524 1294 ita.

45 1326 143 1354 cum
165 1307 233 1354 ἔτι
253 1311 527 1369 suscepisse,
555 1316 606 1353 ut
625 1324 665 1354 v,
686 1313 728 1353 9.
743 1342 755 1363 ,
780 1324 907 1366 quem
929 1308 985 1351 ad
1003 1305 1074 1350 ὅτι
1092 1323 1134 1352 v·
1154 1309 1198 1352 8.
1217 1309 1520 1362 rettulissent,

44 1368 290 1410 orationem
325 1367 578 1411 continuari
615 1370 838 1424 putarent.
914 1365 1055 1422 Quam
1093 1365 1327 1408 lectionem
1361 1366 1524 1420 Zeyero

43 1424 275 1524 probatam
317 1425 357 1467 si
395 1425 626 1481 amplexus
659 1424 749 1476 sis,
794 1423 892 1479 Ap..
921 1421 1164 1479 disputatio
1205 1423 1270 1463 sic
1299 1420 1520 1464 decurrit:

76 1486 201 1524 eatae
231 1481 349 1524 vitae
382 1496 484 1538 spes
518 1481 572 1522 ob
602 1494 814 1521 summum
841 1480 929 1521 Dei
961 1493 1065 1532 erga
1092 1492 1173 1519 nos
1210 1492 1400 1521 amorem
1429 1491 1522 1519 non

43 1537 165 1582 fallit
190 1539 253 1593 (V.
280 1537 368 1591 5.),
414 1536 542 1596 eujus
579 1536 758 1577 illustre
799 1539 1101 1576 documentum
1129 1533 1256 1575 Deus
1291 1548 1341 1576 eo
1380 1533 1520 1586 dedit,

44 1593 161 1653 quod
190 1594 416 1639 Christum
456 1607 534 1649 pro
572 1592 717 1648 impiis
743 1592 872 1633 moris
882 1604 1042 1649 passus
1072 1595 1144 1630 est
1175 1592 1238 1646 (v.
1265 1591 1349 1646 6.).
1418 1590 1517 1632 Vix

42 1652 158 1695 enim
185 1665 262 1706 pro
287 1650 418 1707 probo
445 1649 613 1693 homine
642 1649 873 1706 quisquam
903 1647 1117 1690 morietur
1146 1647 1207 1700 (v.
1227 1647 1309 1701 7.).
1381 1646 1518 1689 Pro-

45 1707 139 1752 bat
166 1707 414 1766 (probavit)
453 1712 596 1749 aedem
623 1721 747 1748 sunm
776 1719 965 1748 umorem
992 1703 1114 1755 nobis
1143 1703 1367 1756 Deus-eo,
1407 1702 1521 1759 quod

42 1779 171 1823 quum
190 1766 291 1807 dum
310 1764 445 1806 adhue
462 1762 647 1817 improbi
664 1776 850 1804 essemus
867 1761 1080 1804 Christum·
1100 1765 1280 1802 mortem
1300 1773 1378 1814 pro
1396 1759 1519 1801 nobis

42 1822 165 1864 adire
186 1821 386 1874 voluerit,
433 1820 565 1863 multo
602 1819 740 1874 mnyis
773 1831 887 1860 nunc
913 1817 1076 1861 Christi
1102 1817 1311 1871 sanquine
1344 1815 1519 1870 expiati

44 1877 205 1922 Christi
223 1877 420 1931 beneficio
439 1892 467 1919 α
487 1875 757 1930 sempiternis
784 1874 930 1928 poenis
958 1873 1178 1915 vindica
1193 1871 1367 1913 bimur
1395 1871 1449 1926 (i.
1470 1885 1518 1927 q.

43 1947 166 1976 —·eo
194 1932 311 1990 quod
327 1957 381 1965 —
401 1933 539 1974 multo
564 1931 707 1984 magis
737 1944 850 1972 nunc
875 1928 1045 1972 Christi
1074 1927 1290 1981 sanguine
1318 1927 1516 1983 expiatis

41 2004 220 2045 sperare
246 1990 373 2041 licet,
409 1988 506 2046 fore
533 1992 583 2029 ut
610 1987 778 2031 Christi
802 1985 1015 2028 beneficio
1046 1984 1101 2026 ab
1130 1983 1326 2026 aeternis
1390 1983 1522 2024 oenis

40 2046 304 2089 vindic-emur
329 2044 514 2101 ideoque
543 2043 633 2087 vita
659 2043 788 2086 beata
819 2041 1061 2101 potiamur)
1089 2054 1131 2084 v.
1160 2040 1203 2084 8.
1228 2042 1274 2084 9.
1368 2054 1396 2080 11
1429 2039 1519 2095 qua

40 2101 223 2160 periodo
251 2105 295 2143 et
318 2100 548 2157 συνίστησι
577 2099 798 2143 Praesens
833 2098 1015 2142 offendit
1043 2100 1351 2155 (exspectaras
1373 2094 1523 2137 Futu-'

41 2173 140 2201 rum
168 2153 400 2216 συστήσει)
429 2163 474 2200 et
498 2158 643 2200 inanis
669 2157 901 2199 verborum
931 2155 1149 2212 strepitus
1176 2157 1516 2208 contortumque

41 2219 290 2258 structurae
319 2229 457 2270 genus
479 2214 646 2274 justam
674 2215 951 2256 mirationem
976 2213 1098 2256 facit.
1156 2208 1374 2253 Potuerat
1395 2208 1516 2251 enim

39 2269 97 2316 P.
115 2272 245 2314 istam
267 2272 528 2314 sententiam
545 2276 589 2314 et
612 2271 874 2341 simpliciter
894 2275 939 2312 et
967 2270 1098 2327 plane
1123 2267 1193 2309 his
1225 2281 1266 2310 v.
1295 2265 1516 2322 exprime-

40 2343 114 2373 re:
144 2328 310 2385 Πολλῷ
338 2323 415 2371 οὗν
439 2329 607 2383 μᾶλλον
634 2342 770 2370 σωσει
799 2323 915 2383 ἡμᾶς
945 2323 968 2369 ὁ
984 2325 1095 2375 θεὸς
1114 2321 1190 2365 διὰ
1207 2324 1287 2364 τοῦ
1307 2321 1514 2377 Χριστοῦ

39 2383 132 2427 ἀπὸ
151 2385 232 2441 τῆς
249 2381 392 2441 ὀργῆς.
448 2382 506 2428 Εἰ
526 2383 608 2441 γὰρ
627 2399 713 2427 xxc.
728 2380 765 2428 ἓ.
795 2387 857 2441 (ν.
875 2384 919 2427 8.
932 2383 1106 2437 -10.).
1146 2379 1296 2435 Quare
1319 2378 1520 2434 scriptu«

39 2454 136 2484 ram
175 2442 398 2496 vulgatam
419 2442 670 2496 genuinam
699 2455 799 2484 esse
828 2453 983 2482 censeo
1016 2444 1062 2481 et
1087 2438 1200 2480 male
1230 2434 1357 2478 Mill.
1388 2433 1518 2478 Prol-

41 2501 84 2554 §.
100 2498 199 2542 882.
224 2498 504 2540 omissionem
523 2512 618 2541 voc.
638 2491 713 2540 οὖν
738 2512 780 2542 v.
801 2499 844 2541 9.
874 2496 1087 2554 probasse
1118 2492 1350 2545 existimo,
1380 2505 1515 2548 quum

42 2570 136 2597 eam
170 2570 263 2597 eum
302 2555 511 2611 corrupta
544 2555 733 2597 lectione
770 2568 813 2598 v.
842 2554 886 2597 8.
925 2553 1159 2595 cohaerere
1203 2552 1400 2605 apertum
1432 2547 1516 2590 sit.

41 2611 104 2657 V.
123 2613 166 2656 9.
198 2612 338 2657 calm:
368 2610 453 2664 „Id
473 2637 527 2642 —
545 2626 657 2653 nunc
676 2609 899 2653 contendit
917 2610 1011 2665 Ap.
1024 2640 1036 2662 ‚
1065 2606 1243 2649 minime
1268 2602 1513 2646 timendum

42 2669 163 2722 esse,
194 2683 246 2710 ne
270 2668 474 2712 Christus
495 2667 540 2709 in
556 2667 698 2710 medio
719 2667 864 2709 stadio
894 2665 1065 2721 gratiae
1094 2676 1199 2706 suae
1227 2674 1403 2704 cursum
1437 2659 1520 2700 ab«

40 2726 269 2784 rmnpat.”
327 2725 430 2769 Non
459 2726 540 2767 hoe
565 2718 792 2768 contendit
823 2724 941 2779 Ap„
981 2719 1061 2763 sed
1088 2724 1138 2762 ut
1168 2716 1516 2774 argumentatio-

40 2794 162 2835 nem,
190 2783 275 2840 qua
295 2782 559 2825 sententiam
588 2796 656 2827 VS.
673 2780 717 2826 5.
749 2781 1007 2822 confirmare
1037 2781 1279 2830 statuerat,
1310 2774 1514 2816 absolvat

87 2839 275 2876 Fritzsche
293 2841 357 2887 Ep.
377 2841 431 2876 ad.
451 2839 556 2875 Rom»
1006 2833 1040 2878 S
1431 2844 1437 2848 ”
