1752 3347
531 181 693 228 CAP.
725 181 820 225 [V.
863 179 954 225 Vs.
989 182 1045 226 l..
1437 181 1522 225 211

50 292 112 326 biti
143 291 327 336 imputari,
353 290 395 324 iis
425 298 568 332 contra,
596 291 656 336 qui
685 303 702 324 a
721 290 789 324 fide
809 289 888 324 Deo
920 285 1077 334 praebita}
1103 287 1252 322 salutem
1274 293 1391 333 petere
1413 299 1519 334 quam

46 336 110 373 suxi
141 338 272 374 virtute
293 336 358 370 Dei
385 336 544 371 savorem
573 337 725 372 mercari
746 335 958 378 maluerint,
976 335 1098 378 fidem
1121 333 1168 367 ita
1195 334 1361 380 imputari
1388 340 1425 368 ut
1443 333 1520 368 Deo

72 384 248 418 robentur
272 383 354 417 satis
383 384 585 418 meminerit
614 387 665 423 (v.
692 385 732 417 4.-
756 384 820 425 5.).
870 381 912 415 Et
941 393 1066 414 eorum
1100 380 1241 426 quidem
1270 380 1398 426 quibus
1417 380 1519 424 fides

47 397 114 464 l’Jei
138 429 303 465 savorem
327 428 494 463 concilii-t
514 428 672 464 Davides
692 441 836 475 quoque
853 427 1039 461 fortunam
1066 426 1207 470 laudat,
1235 427 1294 461 Ps.
1315 426 1380 464 32,
1402 428 1432 462 l.
1459 437 1520 461 eos

45 476 170 510 beatos
193 474 418 529 praedicans,
445 477 572 520 quibus
593 481 624 509 et
646 481 790 520 peccata
810 474 910 507 Deus
939 472 1092 516 benigne
1123 474 1279 508 remittat
1305 478 1338 506 et
1366 473 1437 506 inte
1467 472 1519 505 ri-

47 527 153 556 tatem
173 534 224 556 sic
246 522 417 565 imputet,
448 521 535 554 nihil
558 527 595 554 ut
619 533 699 553 euin
722 521 813 553 bene
834 520 924 553 facta
947 520 1127 552 moverint
1149 522 1200 560 (v.
1220 519 1387 560 6.—8.).
1435 485 1517 553 gir-

46 566 228 602 cumcisos
247 572 362 600 autern
381 565 547 599 homines
568 572 714 611 propter
742 566 849 598 fidem
871 565 948 598 Deo
974 565 1143 609 probatos
1170 565 1329 598 exclusis
1353 576 1520 607 praepu-

46 613 151 647 tiatis
176 625 193 646 a
221 610 380 651 Davide‚
412 611 650 645 circumsecto
686 623 791 654 rege,
834 610 859 644 Ι.
891 622 922 643 c.
948 610 1148 643 fortunatos
1174 611 1245 644 dici
1273 616 1397 655 putare
1428 609 1518 644 noli.

46 656 122 702 Qui
148 657 243 699 euim
262 655 420 690 Davides
449 662 510 689 aut
540 655 796 701 improbaverit
823 661 883 689 aut
910 655 1096 688 nesciverit
1114 658 1210 701 quod
1228 658 1263 690 in
1286 655 1414 689 Genesi
1435 669 1519 702 per·-

44 703 217 748 scriptum
243 708 313 739 est,
338 701 585 735 Abraliamum
605 701 684 746 quia
703 700 810 733 fidem
830 700 1008 734 habuisset
1029 700 1108 733 Deo
1139 703 1328 747 probatum
1349 713 1424 735 esse
1442 711 1518 734 αη-

45 755 80 782 te
116 760 229 792 quam
263 747 619 781 circumcideretur?
664 748 714 789 (v.
743 747 776 781 9.
808 748 893 789 10.).
942 744 1015 779 Cur
1039 746 1166 790 igitur,
1201 748 1295 781 dicat
1320 746 1519 788 cavillator,

42 793 279 828 ol'r'cunlcl'sus
303 799 354 827 est
376 792 620 834 Abi-ahamus,
653 793 681 826 si
708 792 947 839 praeputiatus
974 791 1010 823 in
1032 790 1097 824 Dei
1126 793 1319 827 amicitiam
1339 805 1516 839 pervene-

41 839 122 875 rat?
172 839 352 873 Nimirum
373 839 632 884 sapientissime
654 838 724 873 hoc
742 837 840 871 Deus
868 835 1034 871 instituit.
1084 836 1208 870 Voluit
1239 840 1335 872 enim
1354 837 1519 874 Abraha-

2 888 17 914 -i
42 897 102 920 mo
119 885 280 931 praeciso
298 883 485 930 praeputio
505 883 650 931 aliquod
670 883 901 930 integritatis,
929 894 1035 926 quam
1057 883 1102 916 ob
1122 882 1230 917 fidem
1253 897 1271 917 a
1298 886 1516 930 praeputiato

42 931 238 977 praebitam
258 931 350 977 apud
370 944 406 965 se
425 936 551 964 nactus
573 937 671 969 esset,
698 930 825 976 pignus
847 930 945 970 dare,
974 934 1007 961 et
1026 927 1096 962 hoe
1119 928 1272 972 efficere,
1298 936 1334 962 ut
1354 930 1518 965 Abraha-

40 989 120 1010 mus
139 983 215 1010 tum
236 976 543 1023 praeputiatorum
555 976 760 1019 hominum,
785 975 846 1022 qui
859 974 964 1008 fidem
976 974 1158 1017 haberent,
1180 981 1255 1008 tum
1277 975 1515 1011 circumciso-

41 1036 136 1066 rum,
170 1022 232 1069 qui
249 1029 282 1057 et
304 1022 370 1068 ipsi
392 1022 626 1067 vt'risidem
652 1021 930 1064 aemularentur,
956 1026 1054 1066 pater
1074 1027 1171 1055 recte
1188 1020 1450 1056 existimaretur
1469 1025 1517 1067 (v.

43 1070 98 1103 11.
123 1070 210 1112 12).
260 1068 384 1115 Neque
403 1068 498 1102 enim
521 1068 572 1102 lex
590 1081 679 1103 mos.
698 1067 899 1102 Abrahamo
920 1066 1064 1112 ejusque
1079 1065 1230 1112 posteris
1255 1080 1413 1102 summae
1431 1068 1515 1102 bea-

40 1114 149 1149 titatis
167 1115 383 1161 promissum
403 1114 541 1158 attulit,
568 1115 628 1149 sed
650 1114 832 1159 integritas
853 1126 959 1159 quam
980 1111 1096 1145 habita
1111 1113 1213 1157 fides
1239 1112 1270 1146 ei
1289 1114 1516 1159 apportavis—

42 1168 95 1195 set
125 1165 171 1204 (v.
206 1161 291 1205 13.).
343 1160 432 1194 Nam
457 1161 485 1194 si
517 1160 680 1195 homines
711 1160 776 1206 legi
807 1173 897 1193 mos.
923 1157 1086 1193 addictos
1105 1159 1172 1192 Dei
1197 1160 1378 1204 promisso
1407 1160 1516 1206 potiri

43 1206 176 1250 fingas,
196 1213 276 1241 *tum
296 1206 428 1249 fidem,
454 1204 523 1252 quai
548 1206 633 1240 nibil
653 1205 800 1252 cogitari
819 1212 933 1251 potest
953 1203 1132 1238 efficacius
1149 1212 1208 1238 aut
1227 1204 1403 1248 divinius,
1429 1206 1515 1240 nul-

42 1251 114 1286 lam
136 1254 205 1287 vim
226 1252 378 1296 habere,
404 1259 478 1286 tum
497 1252 706 1286 Abrabamo
725 1253 847 1286 datum
867 1250 1083 1297 promissum
1103 1250 1245 1284 irritum
1273 1250 1432 1295 judicare
1449 1251 1516 1285 de-

41 1298 123 1332 beas
152 1306 359 1345 propterea,
396 1299 569 1344 quoniam
601 1311 639 1332 ea
669 1304 719 1332 est
750 1297 836 1343 legis
861 1309 952 1330 mos.
979 1302 1123 1337 natura,
1159 1304 1198 1331 ut
1216 1308 1358 1339 poenas
1392 1297 1517 1343 pariat,

40 1356 137 1387 non,
165 1341 472 1391 quemadmodum
493 1343 558 1377 Dei
578 1343 814 1390 promissum,
837 1343 895 1377 det
923 1341 1096 1386 beneficia
1129 1343 1179 1386 (v.
1200 1341 1254 1376 14.
1280 1343 1364 1383 15.).
1413 1342 1516 1387 Quae

42 1389 124 1435 quia
145 1391 296 1425 absurda
315 1397 415 1429 sunt,
443 1391 618 1435 obfidem
639 1389 883 1425 Abrahamurn
903 1388 1051 1433 ejusque
1068 1387 1243 1422 familiam
1262 1388 1331 1422 Dei
1358 1391 1516 1434 promis—

40 1448 120 1469 sum
140 1435 270 1471 habere
289 1436 545 1471 confitendum
564 1442 633 1477 est,
665 1443 704 1470 ut
726 1436 798 1470 div.
820 1433 1092 1469 benevolentiae
1110 1435 1369 1468 documentum
1390 1447 1464 1469 esse
1482 1442 1516 1470 et

41 1482 114 1515 toti
131 1477 323 1516 Abrabami
345 1481 501 1516 familiae
521 1482 555 1517 h.
573 1494 605 1518 e.
634 1483 804 1515 omnibus
829 1482 869 1514 iis
885 1507 894 1524 ,
931 1480 989 1525 qui
1012 1478 1203 1513 Abrahami
1230 1479 1343 1513 fidem
1370 1480 1514 1515 imiten—

40 1534 118 1568 tur,
154 1533 189 1561 et
205 1527 350 1561 Judaeis
378 1534 411 1561 et
437 1527 649 1572 gentilibus,
676 1526 887 1570 contingere
913 1524 1025 1570 possit
1055 1526 1208 1566 (v.,16.).
1268 1524 1342 1569 Qui
1370 1526 1515 1571 quidem

38 1572 282 1616 Abrabamus,
320 1585 426 1618 quem
448 1573 546 1606 Deus
573 1572 647 1617 ipse
680 1571 773 1605 Gen.
805 1570 919 1622 ¹⁷³f5·
949 1568 1115 1604 nostrum
1142 1570 1307 1604 omnium
1333 1577 1516 1616 quotquot

38 1617 151 1653 fidem
180 1618 351 1654 habemus
380 1624 565 1665 parentem
591 1617 855 1662 pronuntiavit,
888 1616 924 1649 in
953 1627 990 1648 re
1020 1615 1224 1649 incredibili
1267 1622 1338 1650 tam
1365 1616 1515 1652 firmam

38 1665 141 1703 Deo,
176 1663 334 1700 numinis
361 1662 622 1711 omnipotentia
648 1662 786 1703 fretus,
818 1661 931 1696 fidem
959 1660 1107 1699 tribuit,
1143 1667 1182 1694 ut
1218 1674 1255 1695 ea
1288 1661 1404 1696 verbis
1434 1664 1515 1698 satis

38 1709 164 1757 amplis
191 1711 366 1745 celebrari
395 1710 451 1747 vix
476 1723 578 1755 posse
607 1709 769 1743 videatur
799 1710 849 1752 (v.
881 1708 1087 1750 16.-21.).
1143 1707 1247 1741 Hine*
1265 1707 1399 1752 [etiam]
1429 1709 1516 1743 fidei

40 1756 239 1802 praemium
260 1756 340 1790 tulit
359 1756 600 1803 integritatem
622 1755 736 1799 (Gen.
758 1754 820 1798 15,
837 1755 868 1789 6.
892 1757 940 1797 (v.
964 1753 1054 1796 22).
1103 1752 1206 1798 Quae
1237 1766 1292 1787 res
1319 1756 1515 1789 memoriae

40 1801 170 1837 tradita
196 1809 249 1837 est
269 1801 380 1846 (Gen.
399 1803 462 1844 15,
481 1803 534 1846 6.)
563 1814 639 1835 non
670 1808 818 1848 propter
847 1800 964 1846 ipsum
985 1798 1229 1833 Abrahamuni
1246 1800 1516 1839 tantummodo,

41 1860 147 1894 quem
173 1860 238 1894 par
259 1855 332 1883 erat
361 1848 407 1883 ob
436 1848 547 1882 fidem
575 1847 726 1893 gloriam
757 1846 930 1892 consequi
955 1845 1054 1890 apud
1093 1852 1275 1890 posteros,
1313 1845 1374 1878 sed
1408 1845 1514 1881 etiarn

40 1901 189 1940 propter
214 1906 300 1935 nos,
333 1901 371 1929 ut
397 1900 570 1940 quantum
591 1893 691 1928 Deus
719 1892 808 1927 fidei
839 1891 1039 1938 praemium
1068 1891 1225 1934 posuerit
1242 1891 1436 1926 Abrahami
1456 1904 1514 1926 ex-

40 1939 161 1985 emplo
191 1940 308 1974 edocti
335 1941 532 1983 sciremus,
564 1945 713 1985 propter
738 1951 828 1980 nos,
856 1939 1027 1983 inquam,
1053 1936 1134 1970 Deo
1162 1935 1275 1970 fidem
1304 1938 1511 1981 tribuentes,

40 1985 102 2032 qui
120 1997 220 2019 suam
239 1993 314 2022 tum
333 1986 400 2020 vim
421 1993 496 2020 tum
517 1986 736 2018 voluntatem
757 1984 899 2017 Christo
919 1982 954 2016 in
975 1982 1084 2017 vitam
1113 1989 1284 2016 revocato
1308 1982 1513 2016 manifesta-

39 2031 153 2074 verit,
181 2031 260 2066 neci
277 2031 382 2073 dato,
406 2038 444 2065 ut
462 2038 604 2077 peccata
623 2036 744 2063 nostra
764 2030 921 2074 expiaret
940 2033 974 2062 et
990 2041 1029 2061 ex
1047 2027 1170 2060 inferis
1199 2028 1348 2063 excitato
1364 2053 1374 2071 ‚
1402 2031 1447 2062 n‘e
1469 2028 1513 2064 de

40 2076 237 2123 expiatione
257 2076 331 2122 ejus
348 2077 525 2124 supplicio
543 2073 663 2111 effecta
684 2076 932 2110 dubitaremus
963 2076 1015 2120 (v,
1034 2072 1138 2109 23.-
1153 2074 1249 2118 25.)ῐ

174 2226 254 2275 Vs.
297 2228 339 2272 1.
413 2225 472 2274 Ti
518 2223 608 2275 οὖν
655 2226 864 2288 ἐροῦμεν
900 2221 1143 2287 Ἀβραὰμ
1195 2221 1283 2269 τὸν
1327 2221 1512 2287 πατέρα

41 2292 184 2355 ἡμῶν
213 2292 468 2356 εὑρηκέναι
502 2293 628 2343 κατὰ
663 2291 822 2357 σάρκα
833 2312 850 2350 ;
895 2295 940 2338 2.
975 2294 1033 2338 Εἰ
1068 2289 1165 2356 γὰρ
1188 2289 1431 2353 Ἀβραὰμ
1464 2292 1514 2345 ἐξ

42 2362 202 2427 ἔργων
237 2360 528 2426 ἐδικαιώθη,
573 2364 665 2424 ἔχει
711 2358 969 2423 καύχημα,
1019 2358 1115 2406 ἄλλ’
1151 2357 1208 2404 οὐ
1255 2356 1375 2420 πρὸς
1421 2357 1510 2406 τὸν

40 2425 180 2477 θεόν.
261 2431 305 2478 3.
356 2429 415 2478 Τί
457 2429 556 2496 γὰρ
600 2430 630 2494 ἡ
693 2428 863 2495 γραφὴ
909 2427 1058 2493 Mys&
1107 2423 1413 2482 »Ἐπίστευσε
1454 2423 1508 2473 δὲ

32 2494 278 2561 Ἀβραόᾳι
299 2502 371 2561 τῷ
393 2499 500 2562 θεῷ
529 2497 611 2546 καὶ
634 2495 867 2563 ἐλογίσθη
891 2496 1026 2558 αὐτῷ
1050 2496 1113 2546 εἰς
1145 2490 1508 2555 δικαιοσύνην.”

41 2566 87 2614 4.
104 2567 186 2627 Τῷ
203 2562 257 2612 δὲ
281 2564 592 2631 ἐργαζομένῳ
611 2565 636 2614 ὃ
655 2563 838 2628 μισθὸς
860 2563 917 2611 οὐ
940 2560 1178 2628 λογίζεται
1198 2559 1323 2608 κατὰ
1339 2558 1505 2626 χάριν,

0 2653 1 2669 ³
42 2631 165 2680 ἄλλοι
203 2631 329 2680 κατὰ
359 2632 624 2696 ὃφείλημα··
693 2632 738 2681 5.
777 2636 848 2693 τῷ
869 2630 922 2681 δὲ
952 2629 1020 2692 μὴ
1054 2626 1392 2693 ἐργαζομένῳ,
1428 2648 1507 2677 πι-

0 2697 3 2736 ἶ
32 2697 262 2749 -στεύοντι
284 2698 337 2748 δὲ
361 2700 436 2747 ἐπὶ
453 2700 542 2748 τὸν
561 2700 848 2749 δικαιοῦντα
868 2697 956 2746 τὸν
989 2697 1169 2758 ἀσεβῆ,
1205 2696 1444 2762 λογίζεται
1475 2696 1505 2757 ἡ

0 2776 5 2835 l
42 2766 200 2823 πίστις
223 2767 378 2817 αὐτοῦ
400 2771 465 2822 εἰς
484 2765 817 2829 δικαιοσύνην.
889 2767 933 2814 6.
967 2761 1208 2832 Καθάὲτερ
1237 2764 1322 2812 καὶ
1340 2763 1506 2812 Δαυῒὸ

0 2838 2 2892 ἶ
43 2835 168 2900 λέγει,
186 2835 276 2884 τὸν
298 2834 613 2899 μακαρισμὸν
636 2840 726 2883 τοῦ
752 2830 1050 2896 ἀνθρώπου,
1089 2834 1129 2878 05
1166 2831 1190 2878 ὅ
1223 2831 1341 2886 θεὸς
1372 2829 1504 2896 λογί-

1090 2900 1099 2914 .

1020 2879 1120 2939 02

0 2860 6 2948 ξ

0 2951 4 3000 ὲ

0 3002 4 3112 ξ
21 3016 26 3020 .

0 3113 6 3190 ἰ
