1752 3347
237 133 328 179 233
517 124 901 171 ErlsToLA
930 125 1035 170 An
1063 98 1430 176 Romanos

235 233 628 280 communirentur.
692 232 876 276 Nullum
905 233 1045 288 igitur
1071 233 1220 277 verbis
1249 248 1291 278 v.
1313 234 1383 278 15.
1410 236 1563 278 πολλῶ
1585 238 1707 290 μᾶλ-ο

237 295 316 335 λον
334 316 391 324 —-
410 289 700 346 ἕπερίσσευσε
718 305 813 332 cum
840 304 906 334 vs.
926 291 996 334 12.
1028 291 1334 334 commercium
1362 294 1447 334 est.
1503 279 1606 335 Non
1633 308 1703 336 re-

237 349 355 391 ctius
374 349 452 390 Er.
465 347 681 401 Schmid„
710 348 860 400 Grot.,
891 347 1065 401 Wetst„
1093 348 1274 401 Heum„
1305 347 1704 402 Ghr.Fr.Schmid.,

235 404 385 449 Reich.
416 404 475 448 al.
503 401 690 446 Paulum
723 418 857 460 quum
885 403 943 446 ad
971 404 1174 462 protasin
1202 419 1242 448 v.
1262 404 1333 448 12.
1354 404 1442 446 alia
1460 403 1605 445 obiter
1626 419 1706 446 an-

234 461 468 504 nexuisset
496 463 560 516 (v.
582 461 713 505 13.—
729 462 822 517 17.)
850 465 953 518 post
973 461 1257 520 parenthesin
1285 476 1328 505 v.
1349 461 1568 504 13.—-17.
1599 475 1709 518 apo-

235 518 389 571 dosin,
421 532 532 574 quae
561 516 762 571 deesset,
790 532 832 561 v.
854 518 924 563 18.
953 519 1143 578 repetita
1172 533 1252 576 per
1280 516 1571 560 anacoluthon
1601 532 1708 575 pro-

234 575 350 619 tasis
369 574 589 617 sententia
617 567 729 632 (ἄρα
747 568 824 618 οὗν
841 600 898 607 -
917 572 980 626 εἷς
996 573 1265 632 κατάκριμα)
1292 575 1363 617 his
1387 589 1428 618 v.
1452 575 1706 632 concepisse

233 630 576 675 contenderunt:
607 631 722 674 οὕτω
740 632 815 675 καὶ
835 656 887 664 -
908 630 974 682 εἷς
991 630 1223 674 δικαίωσιν
1245 631 1371 686 ζωῆς.
1429 631 1468 674 N
1476 645 1543 672 am
1575 646 1706 688 prae-

231 694 436 746 terquam
466 687 583 746 quod
610 702 677 732 va.
709 689 777 734 15.
797 714 852 720 —-
871 690 942 732 17.
970 689 1145 731 minime
1182 688 1527 745 disputationem
1561 688 1706 731 obiter

231 745 448 806 adjectam
464 751 542 788 aut
558 745 903 812 parentheticam
924 747 1170 798 continent,
1200 745 1280 788 sed
1302 760 1414 803 quae
1443 760 1528 787 non
1555 744 1705 787 videa-

231 807 307 845 tur
334 803 572 859 praeteriri
597 802 820 860 potuisse,
848 804 894 845 in
928 809 1102 861 promtu
1133 808 1227 855 est,
1257 817 1408 844 eorum
1438 817 1550 859 quae
1566 816 1609 846 V.
1633 804 1704 848 16.

232 865 280 903 et
298 861 370 905 17.
396 859 514 902 dicta
546 863 650 901 sunt
679 873 811 902 versu
835 861 903 904 18.
930 874 1142 902 summam
1168 859 1336 914 colligi.
1394 859 1546 914 Quare
1565 874 1606 903 v,
1632 860 1703 905 12.

231 922 279 960 et
299 917 367 960 18.
396 931 537 973 neque
565 916 712 971 logica
741 931 883 974 neque
913 917 1157 974 syntacticfi
1195 917 1367 958 ratione
1406 917 1702 961 continentur.

229 973 466 1017 Postremo
495 973 558 1016 H.
580 974 638 1016 A.
664 974 716 1016 G.
735 973 891 1025 Meyer
919 975 987 1029 (in
1013 975 1214 1015 versione
1242 973 1499 1026 vernacula)
1528 974 1597 1015 vir
1624 973 1704 1014 do-

229 1031 483 1085 ctissimus,
511 1044 602 1075 VSS.
624 1030 842 1074 13.-18.
858 1031 904 1072 in
932 1030 1216 1087 parenthesin
1249 1029 1460 1088 conjectis
1489 1027 1703 1086 apodosin

229 1088 429 1132 resumta
459 1101 540 1146 per
566 1087 856 1129 anacoluthon
885 1088 1058 1143 protasi
1081 1101 1123 1130 V.
1147 1088 1217 1131 19.
1242 1086 1393 1128 afferri
1412 1086 1702 1131 existimavit.

229 1146 302 1189 At
319 1159 450 1188 versu
471 1145 540 1189 19.
560 1146 777 1186 sententia
799 1158 840 1187 v.
860 1144 929 1187 18.
952 1142 1222 1186 dilucidatur
1249 1146 1312 1199 (v.
1334 1144 1495 1197 infra),
1526 1158 1582 1186 ne
1600 1147 1702 1186 ante

228 1201 348 1245 dicta
376 1207 591 1259 repetam.
666 1198 728 1243 δι’
759 1196 855 1250 {vag
880 1198 1144 1257 ἀνθρώπου]
1194 1200 1376 1243 Dicitur
1404 1200 1606 1244 Adamus
1638 1203 1703 1258 (v.

227 1273 271 1303 v.
294 1259 366 1303 14.
399 1261 424 1301 1
443 1257 546 1302 Cor.
569 1256 637 1312 15,
657 1257 730 1302 45.
751 1258 870 1312 47.),
899 1271 984 1300 non
1002 1256 1094 1299 Eva
1114 1259 1310 1314 (Pekty.)
1335 1263 1379 1300 et
1398 1259 1535 1300 multo
1557 1257 1702 1300 minus

227 1315 436 1359 Adamas
467 1320 513 1358 et
540 1314 656 1368 Eva,
708 1328 818 1371 quos
846 1314 1134 1358 Dannhauer.
1167 1314 1285 1372 apud
1310 1315 1467 1358 [Icum.
1506 1315 1703 1370 intelligi

226 1376 382 1431 putat,
413 1371 531 1429 quod
556 1372 760 1413 nimirum
780 1385 910 1413 uuam
933 1372 1062 1428 quasi
1083 1371 1351 1428 eandemque
1373 1386 1605 1429 personam
1628 1386 1702 1413 su-

226 1429 471 1472 stinuerint
489 1428 699 1488 conjuges
721 1428 883 1472 Genes.
903 1429 946 1482 2,
966 1428 1062 1472 24.!
1119 1431 1190 1472 At
1218 1431 1344 1486 prius
1374 1429 1429 1470 ab
1449 1428 1541 1471 Eva
1571 1443 1701 1484 quam

227 1486 286 1530 ab
305 1485 483 1530 Adamo
505 1485 596 1528 Dei
615 1485 895 1528 interdictum
918 1485 1151 1539 migratum
1171 1492 1240 1528 est
1265 1487 1401 1540 (Gen.
1421 1486 1462 1538 3,
1481 1489 1523 1528 6.
1556 1485 1699 1530 Sirac.

225 1544 307 1598 25,
327 1543 401 1588 24.
430 1544 460 1586 2
481 1542 583 1587 Cor.
605 1545 682 1597 11,
712 1542 755 1585 3.
793 1543 819 1585 l
839 1541 958 1584 Tim.
976 1543 1028 1594 2,
1058 1543 1167 1596 14.).
1232 1542 1384 1597 Quare
1415 1543 1701 1600 interpretes,

225 1605 278 1643 ut
298 1599 352 1644 P.
374 1604 662 1652 excusarent,
691 1598 825 1640 multa
849 1599 1170 1652 excogitarunt,
1200 1613 1240 1642 v.
1263 1614 1297 1644 c.
1320 1614 1451 1655 quum
1466 1598 1700 1656 Ap.Ada-

226 1671 342 1700 mum
402 1672 501 1698 uam
520 1656 655 1699 Evam
682 1656 869 1713 primum
900 1661 1169 1712 peccatorem
1192 1656 1337 1698 facere
1360 1657 1593 1709 maluisse,
1624 1661 1701 1698 aut

227 1712 346 1771 quod
382 1714 385 1716 ’
430 1713 686 1755 ebraeorum
727 1712 958 1767 genealogi
996 1712 1142 1763 viros,
1183 1727 1267 1755 non
1306 1714 1492 1755 feminas
1532 1714 1700 1755 referre

226 1771 564 1813 consuevissent
604 1770 798 1825 (G1·01.)‚
842 1775 919 1810 aut
958 1768 1074 1825 quod
1102 1768 1306 1812 Adamus
1343 1771 1482 1811 totius
1521 1772 1700 1824 generis

224 1828 403 1870 humani
423 1831 577 1869 auctor
597 1830 716 1868 esset
736 1825 951 1879 (Rueck),
982 1832 1057 1868 aut
1076 1826 1192 1881 quod
1212 1842 1347 1869 sexus
1370 1827 1598 1869 muliebris
1620 1842 1698 1868 an-

224 1885 417 1941 tiquitus
447 1882 576 1926 valde
609 1886 895 1939 sperneretur
924 1883 1163 1939 (Usterius)
1200 1884 1232 1926 l.
1260 1884 1293 1927 l.
1324 1899 1367 1940 p.
1387 1885 1482 1938 26.)
1520 1890 1701 1926 conten-

224 1941 396 1984 derent.
463 1937 723 1999 Cujusmodi
753 1937 1136 1981 observationibus
1177 1938 1483 1982 difficultatem
1522 1941 1699 1984 minime

223 1999 326 2042 tolli
355 1999 514 2041 elucet.
583 1995 672 2039 Sed
700 2009 753 2038 ne
781 1995 838 2037 iis
868 1994 1042 2052 quidem
1069 1997 1311 2050 assentior,
1343 1997 1418 2054 qui
1440 1996 1490 2041 P.
1508 1997 1700 2041 Iudaeo-

222 2070 321 2098 rum
352 2054 406 2098 de
435 2054 612 2097 Adamo
652 2053 802 2110 priore
838 2057 883 2094 et
921 2053 1166 2110 posteriore
1195 2053 1513 2112 disputationis
1551 2057 1613 2110 (τ.
1642 2054 1699 2097 ad

222 2128 266 2157 v.
287 2113 380 2167 14.)
409 2112 580 2154 ratione
604 2111 754 2153 habita
778 2109 999 2152 Adamum
1029 2110 1216 2168 primum
1249 2113 1363 2166 legis
1391 2111 1480 2156 div.
1512 2112 1700 2154 violato-

223 2185 317 2213 rem
343 2170 591 2212 nominasse
605 2167 828 2228 judicant,
859 2172 908 2209 ut
935 2168 1023 2210 viro
1052 2168 1272 2222 pestilenti
1291 2169 1507 2222 Clu-istus,
1537 2169 1699 2211 salutis

223 2228 439 2270 humanae
460 2230 759 2292 recuperator,
784 2229 987 2266 accurate
1007 2231 1305 2282 opponeretur
1323 2226 1508 2280 (Selenis.
1530 2225 1698 2283 Opusc.

224 2284 268 2328 l.
298 2299 343 2342 p.
365 2284 465 2328 327.
495 2282 670 2336 Recole„
706 2282 879 2325 Koelln.
910 2282 1008 2337 al.).
1079 2281 1190 2324 Nam
1221 2297 1360 2339 neque
1383 2282 1432 2326 P.
1461 2297 1601 2340 neque
1622 2284 1700 2342 ju-

222 2341 339 2383 daici
367 2340 572 2397 magistri
599 2339 821 2383 Adamum
865 2340 1057 2396 priorem
1093 2341 1333 2396 posteriori
1363 2339 1539 2382 Adamo
1577 2346 1698 2383 recte

223 2399 562 2455 opposuissent,
590 2397 679 2439 nisi
698 2396 751 2437 ab
773 2396 852 2437 illo
873 2400 1039 2454 pestem
1061 2397 1211 2450 generi
1241 2398 1427 2439 humano
1455 2398 1695 2455 profectam

226 2469 324 2497 esse
347 2455 455 2512 jure
484 2455 666 2512 qetodam
698 2453 912 2495 affirmari
943 2452 1250 2497 credidissent.
1313 2453 1463 2507 Unde,
1494 2455 1581 2497 nisi
1613 2455 1693 2496 sal-

222 2511 320 2563 10r‚
369 2512 545 2570 utrique
574 2510 793 2554 Adamum
826 2511 1014 2567 primum
1046 2525 1249 2568 peccasse
1290 2519 1553 2554 censuerunt
1594 2525 1691 2569 pro-

224 2573 405 2626 pterea,
437 2568 553 2626 quod
581 2568 677 2627 ejus
698 2568 889 2621 facinus,
921 2582 1051 2623 quum
1071 2567 1188 2609 Evae
1219 2576 1394 2625 posset,
1428 2570 1548 2611 nullo
1569 2566 1691 2610 modo

223 2626 427 2667 excusari
450 2641 579 2682 posse
601 2625 839 2669 videretur.
900 2624 1014 2667 Nam
1041 2624 1217 2667 Adanu)
1246 2628 1494 2682 priusquam
1516 2627 1605 2667 Era
1630 2626 1690 2665 ri-

223 2687 338 2725 reret
359 2682 482 2723 Deus
504 2683 634 2724 minis
659 2698 764 2725 usus
795 2684 940 2724 fructu
972 2681 1146 2724 arboris
1176 2682 1404 2724 inm-dixit
1429 2684 1539 2725 Gen.
1560 2682 1600 2729 2,
1622 2681 1690 2723 17.

221 2738 296 2781 22.
317 2744 398 2780 esu
419 2753 471 2779 ue
491 2740 680 2781 Genesis
704 2741 732 2781 l.
752 2739 983 2799 ejusmodi,
1012 2746 1061 2781 ut
1083 2740 1170 2781 Eva
1196 2739 1282 2783 div.
1305 2739 1581 2781 interdictum
1604 2753 1688 2779 non

220 2795 310 2838 nisi
331 2810 382 2838 ex
400 2753 600 2850 liomine,
631 2798 789 2840 marito
813 2813 915 2851 suo,
946 2798 1179 2841 rescivisse
1198 2796 1398 2839 videatur
1427 2800 1490 2851 (v.
1511 2795 1622 2838 ch.
1647 2796 1690 2846 3,

1643 2851 1689 2898 2.
