1752 3347
222 157 308 202 256
501 152 882 197 EPISTOLA
911 153 1014 196 AD
1045 152 1409 203 ROMANOS

223 264 308 314 θα]
337 259 489 314 „Haec
502 258 728 318 jungenda
747 263 874 314 sunt,
902 264 951 301 ut
973 257 1018 301 ἐν
1036 252 1062 316 ἧ
1079 274 1219 317 aeque
1247 261 1468 303 referatur
1493 263 1550 306 ad
1577 278 1690 305 καυ-
1748 247 1752 275 '³

223 316 410 370 χώμεθα
437 321 482 359 et
510 315 566 356 ad
594 313 834 372 ἑστήκαμεν
874 319 967 373 [np.
1000 316 1043 360 11.
1066 331 1129 360 S.:
1160 318 1203 359 in
1232 331 1310 374 quo
1336 320 1561 372 evangelio
1645 334 1688 361 r-

224 379 394 415 stamus
415 378 461 415 et
479 373 723 426 gloriamur
742 371 795 414 de
820 398 900 415 —.
931 374 960 416 i.
982 387 1020 416 e.
1041 373 1085 414 in
1104 387 1182 429 quo
1201 387 1267 417 ev.
1288 380 1540 430 perstamus
1567 335 1689 432 igne

225 430 420 484 amplexi
438 430 759 486 triumphamus
781 428 833 470 de
853 429 990 486 —.]''
1028 429 1192 473 mist..
1251 432 1319 473 At
1343 445 1384 474 v.
1415 433 1486 473 καὶ
1517 429 1690 482 καυχώ-
1749 471 1752 482 ,

221 489 344 540 μεθα
363 491 446 529 etc.
468 485 668 544 suijuris
689 500 813 539 esse,
842 500 958 528 voce.
990 501 1031 530 v.
1050 487 1093 529 3.
1122 482 1173 528 οὗ
1195 486 1332 539 μόνον
1360 486 1411 530 δέ
1438 485 1690 542 ostendunt,

223 541 384 598 quibus
402 557 487 585 non
510 543 596 586 nisi
617 543 864 585 sententiae
894 543 987 588 illis
1016 558 1056 586 v.
1085 545 1316 586 conclusae
1346 544 1460 585 ratio
1487 542 1690 589 habetur.

215 596 278 639 ‘H
301 596 409 649 ὸόξα
434 615 471 642 τ.
497 602 546 642 θ.
575 598 840 657 (splendor,
877 614 1005 656 quem
1032 599 1156 643 Deus
1188 601 1385 655 tribuet)
1422 600 1611 642 beatitas
1640 600 1690 642 in

220 653 416 698 Messiae
452 670 588 712 regno
626 656 860 699 obtinenda
903 655 1087 709 dicitur,
1127 659 1211 712 quai
1250 657 1360 699 nihil
1400 657 1504 709 fingi
1543 661 1692 713 potest

223 711 500 769 splendidius
523 718 600 755 aut
627 714 851 756 illustrius
886 714 948 767 (8,
970 714 1039 757 18.
1072 716 1096 754 1
1117 713 1280 756 Thess.
1299 714 1341 766 2,
1361 716 1428 757 12.
1457 716 1484 754 2
1507 713 1624 755 Tim.
1646 713 1691 765 2,

223 771 293 812 10.
318 784 413 825 sq.‚
445 772 470 812 1
491 768 615 814 Petr.
635 773 684 824 5,
706 772 815 826 10.).
874 769 1040 825 Vulg.‚
1072 768 1249 826 Pelag„
1280 770 1457 823 sedni„
1487 769 1688 825 Vigilius

221 825 389 883 TapS.,
417 827 729 880 Ambrosiast,
760 843 891 885 quum
924 834 1169 871 verterent:
1199 834 1241 869 et
1263 828 1505 881 gloriamur
1531 827 1578 869 in
1608 840 1687 883 spe

218 883 389 937 gloriae
407 882 593 938 filioram
613 884 726 936 Dei,
758 885 870 926 male
891 884 1153 926 addiderunt
1181 886 1265 924 τῶν
1296 884 1454 924 τέκνων
1481 898 1532 923 ex
1554 883 1687 926 Rom.

217 940 270 993 8,
288 940 360 983 21.
389 941 467 996 (cf.
490 940 648 992 Mun).
713 941 889 993 Weiss„
919 941 1088 996 Kopp„
1129 940 1314 982 ll'inz-er.
1336 954 1377 995 p.
1394 939 1436 982 7.
1457 940 1517 981 al.
1537 938 1686 980 verbis

216 998 291 1038 καὶ
307 993 570 1049 καυχώμεθα
592 996 627 1041 ἕ.
646 996 677 1039 ἕ.
691 1014 727 1039 τ.
742 998 828 1038 (m.
842 1002 889 1039 θ.
921 997 973 1038 ad
994 997 1187 1040 ,ludaeos
1208 997 1258 1037 de
1286 997 1413 1037 rebus
1431 995 1624 1052 fortuitis
1643 999 1688 1037 et
1748 1026 1752 1033 .

215 1054 338 1095 υιιηὶε
365 1053 549 1107 gloriari
578 1055 733 1095 solitos
765 1056 834 1109 (2,
866 1055 932 1096 17.
954 1054 1026 1096 23.
1056 1054 1105 1105 3,
1135 1054 1229 1106 27.)
1265 1052 1429 1109 respici
1460 1055 1688 1109 putarunt.

218 1109 343 1165 Quos
366 1110 418 1154 P.
441 1111 717 1170 satisjejuue
739 1126 789 1151 eo
810 1111 842 1152 l.
863 1111 1104 1161 vellicaret,
1136 1124 1220 1165 quo
1239 1117 1315 1151 aut
1332 1109 1687 1152 Christianorum

213 1167 470 1209 felicitatem
491 1170 705 1210 concitato
726 1167 869 1208 animo
892 1168 1151 1219 extolleret,
1185 1171 1260 1207 aut
1282 1181 1356 1207 eos
1390 1173 1438 1208 ut
1462 1165 1688 1220 ingenium
1748 1197 1752 1204 .

215 1223 372 1268 christ.
400 1224 650 1266 hominihus
673 1224 850 1277 dignum
879 1223 966 1265 sibi
996 1223 1228 1265 induerent
1258 1223 1453 1277 graviter
1485 1223 1688 1264 coliorta-
1750 1258 1752 1275 2

215 1285 357 1324 retur.
418 1277 469 1322 οὗ
498 1278 633 1335 μόνον
661 1281 727 1337 δὲ]
765 1295 826 1324 sc.
857 1295 940 1322 non
970 1283 1102 1322 τοῦτο
1133 1280 1232 1334 (hoc
1254 1281 1391 1331 enim,
1422 1281 1601 1337 opinor,
1630 1277 1688 1324 P.

213 1335 381 1380 diserte
414 1337 677 1397 adjecisset:
705 1338 762 1380 cf.
782 1337 967 1381 Lucian.
989 1336 1192 1379 Hei-mot.
1223 1352 1260 1380 c.
1280 1337 1323 1380 8.
1356 1336 1498 1380 Sirac.
1525 1335 1689 1391 ProL),

213 1392 294 1435 sed
312 1391 581 1447 καυχώμεθα
604 1392 671 1436 ἐπ’
694 1393 844 1436 ἑλπίὸι
866 1396 943 1449 τῆς
975 1392 1106 1449 δόξῃς
1135 1409 1172 1435 τ.
1200 1397 1249 1435 ὓ.
1280 1395 1358 1448 (cs.
1380 1408 1421 1437 V.
1443 1395 1524 1447 2.).
1580 1392 1684 1435 Non

212 1451 357 1493 solum
379 1456 548 1504 autem,
579 1451 745 1507 inquit,
776 1454 825 1492 de
845 1466 924 1508 spe
947 1449 1220 1508 splendidae,
1252 1465 1380 1506 quam
1403 1451 1530 1492 Deus
1556 1449 1683 1491 nobis

211 1506 486 1563 assignabit,
532 1508 662 1550 fortis
703 1508 966 1562 gloriamur,
1014 1522 1162 1549 verum
1190 1508 1345 1559 etiam,
1389 1506 1506 1563 quod
1541 1506 1682 1563 majus

211 1569 308 1618 est,
345 1564 667 1620 triumphamus
699 1564 1042 1607 calamitatibus.
1102 1563 1200 1605 Hae
1219 1564 1331 1604 enim
1361 1577 1444 1604 non
1474 1566 1682 1604 corrobo-

210 1634 338 1673 rare,
385 1619 463 1662 sed
487 1621 690 1675 frangere
726 1625 770 1662 et
797 1619 1031 1661 debilitare
1065 1620 1284 1661 hominum
1316 1620 1484 1661 animos
1520 1621 1682 1663 solent.

211 1676 303 1720 Sed
328 1692 370 1719 v·
394 1673 662 1729 καυχώμεθα
693 1674 746 1718 ἐν
774 1680 871 1726 ταῖς
900 1675 1119 1731 &hiep-cmv
1147 1676 1404 1734 explicanda
1433 1692 1556 1719 esse:
1584 1677 1682 1731 glo-

210 1734 380 1776 riamur
406 1734 457 1775 de
487 1733 814 1775 calamitatibus
847 1736 910 1787 (v.
932 1733 983 1785 2,
1009 1733 1080 1776 23.
1117 1733 1217 1776 Gal.
1242 1735 1284 1786 6,
1309 1734 1426 1785 Ha),
1455 1733 1684 1775 antithesis

210 1805 252 1835 v.
265 1791 309 1834 2.
332 1788 600 1842 καυχώμεθα
628 1784 714 1832 ἐπ’
743 1788 896 1832 ἐλπίδι
916 1806 953 1831 τ.
967 1791 1004 1831 ὁ.
1017 1806 1051 1830 τ.
1067 1792 1116 1833 ὓ.
1140 1790 1279 1843 docet,
1299 1789 1356 1831 ad
1378 1805 1506 1845 quam
1529 1805 1680 1832 eorum

209 1847 324 1890 ratio
347 1860 431 1888 uon
453 1846 561 1888 bene
593 1861 666 1888 res
700 1845 856 1898 undet,
888 1846 965 1903 qui
993 1847 1251 1903 explanant:
1279 1847 1523 1900 gloriamur
1546 1849 1586 1888 in
1609 1850 1690 1888 cai

209 1902 487 1946 lamitatihus
507 1903 552 1947 h.
571 1917 609 1947 e.
642 1917 669 1957 g
691 1902 886 1944 oriamur
914 1917 1040 1959 qaam
1071 1903 1394 1945 calamitatibus
1424 1901 1680 1959 asllae'yimar.

210 1960 385 2012 Morus,
407 1959 483 2016 qui
502 1959 757 2012 καυχᾶσθαι
779 1958 823 2000 ἐν
840 1961 935 2008 ταῖς
956 1957 1175 2013 θλίψεσιν
1194 1960 1423 2016 exposuit:
1454 1974 1681 2014 ‹tyrsoscere

209 2018 256 2061 e'n
275 2016 459 2059 miseriis
476 2016 642 2072 aliquid
656 2015 828 2058 salabre
847 2020 888 2057 et
909 2015 971 2057 ita
991 2030 1065 2057 eas
1089 2016 1129 2056 in
1162 2016 1311 2058 bonam
1340 2020 1510 2071 partem
1546 2016 1680 2059 inter-

206 2073 379 2131 pretam·
401 2087 487 2114 non
510 2072 651 2114 solum
669 2087 692 2113 a
712 2086 753 2115 v.
781 2073 1031 2124 καυχᾶσθαι
1060 2071 1101 2113 vi
1128 2073 1336 2126 recessit,
1367 2087 1517 2114 verum
1546 2072 1680 2115 etiam

209 2130 279 2173 sui
308 2129 443 2172 animi
469 2129 613 2185 frigus
634 2129 860 2186 Apostolo
889 2129 1148 2194 impertivit.
1207 2130 1275 2172 At
1309 2130 1360 2171 ea
1389 2134 1481 2171 tum
1503 2130 1681 2171 suerunt

206 2187 410 2230 homines
430 2186 584 2230 christ.
602 2186 736 2227 animi
758 2184 1049 2239 firmitudine,
1080 2191 1127 2227 ut
1147 2184 1198 2227 de
1220 2185 1546 2228 calamitatibus
1577 2200 1682 2253 pro-

206 2249 310 2303 pter
329 2259 418 2286 rem
437 2243 593 2287 christ.
612 2242 797 2300 perlatis
821 2243 1160 2297 triumpharent,
1192 2258 1322 2299 quum
1358 2258 1444 2299 quo
1473 2258 1679 2298 graviora

207 2306 360 2344 essent
378 2301 581 2358 perpessi
598 2305 722 2342 tanto
744 2298 910 2358 majora
934 2299 1129 2357 praemia
1162 2300 1249 2341 sibi
1268 2300 1409 2343 Deum
1442 2300 1680 2357 aliquando

207 2359 540 2416 persoluturum
570 2371 668 2399 esse
697 2355 925 2398 crederent
954 2362 1016 2412 (ν.
1039 2356 1147 2400 Act.
1166 2356 1215 2406 5,
1247 2358 1322 2401 41.
1355 2359 1378 2399 1
1400 2355 1522 2401 Petr.
1541 2358 1585 2407 4,
1608 2359 1679 2402 12.

210 2416 283 2459 13.
309 2416 364 2459 cl.
386 2414 548 2459 Matth.
576 2414 626 2467 5,
658 2415 726 2457 10.
751 2413 859 2467 12.).
922 2412 1134 2456 Absurde
1169 2413 1364 2458 Tholack.
1397 2412 1452 2458 P.
1481 2414 1677 2456 homines

210 2472 368 2516 christ.
388 2472 561 2527 deipsis
579 2471 662 2514 sibi
679 2470 1000 2513 calamitatibus
1030 2470 1250 2524 gratulari
1269 2485 1311 2514 v.
1333 2473 1377 2515 3.
1407 2471 1563 2513 idcirco
1598 2467 1675 2512 ad-

208 2526 379 2571 didisse
398 2527 650 2587 perhibuit,
680 2527 782 2584 quia
816 2526 981 2569 veritus
1011 2532 1155 2578 esset,
1186 2542 1238 2569 nc
1272 2527 1468 2569 homines
1500 2542 1524 2569 a
1547 2525 1674 2573 Chri-

210 2585 454 2628 stianorum
484 2584 568 2628 fide
607 2584 742 2627 alieni
781 2598 892 2641 quae
930 2587 1058 2625 antea
1099 2587 1160 2638 (v.
1189 2584 1254 2634 2.)
1296 2583 1349 2626 de
1377 2585 1468 2626 vita
1495 2583 1618 2626 beata
1645 2596 1672 2623 a

207 2641 476 2684 Christianis
499 2643 678 2700 sperata
701 2641 891 2683 dixisset
909 2638 1101 2683 ludibrio
1122 2641 1356 2695 haberent,
1383 2639 1500 2698 quod
1522 2655 1545 2681 a
1566 2633 1673 2694 g'Qn-

208 2697 365 2740 tilibus
385 2699 546 2741 sactum
566 2714 664 2741 esse
694 2701 756 2755 (ν.
776 2697 934 2742 Minut.
955 2697 1080 2739 Felix
1109 2698 1266 2742 θείειν.
1287 2713 1325 2742 c.
1347 2700 1415 2742 12.
1439 2696 1507 2740 ed.
1526 2694 1671 2749 Lugd.

210 2753 312 2798 Bat.
336 2755 463 2797 1045.
485 2758 553 2799 16.
576 2772 619 2813 p.
642 2756 830 2812 ll.sq.).
884 2753 955 2797 Nc
992 2770 1042 2796 uc
1062 2755 1174 2797 cuim
1201 2754 1251 2800 P.
1271 2754 1440 2813 opinor,
1468 2757 1542 2794 aut
1563 2752 1671 2793 lianc

207 2811 442 2870 epistolam
460 2810 517 2855 ad
535 2813 733 2856 homines
751 2812 942 2868 gentiles
1000 2810 1115 2867 edit,
1140 2819 1217 2857 aut
1246 2812 1413 2857 veritus
1439 2815 1534 2864 est,
1570 2823 1623 2851 ne
1645 2823 1673 2851 a

1594 2880 1671 2924 1³⁴¹-
