1752 3347
631 169 790 215 CAP.
833 168 873 214 l.
919 168 1013 213 VS.
1048 173 1088 214 l.
1569 172 1597 213 3

117 279 263 319 tutum
280 274 429 320 docuit
443 278 532 331 (ve.
551 277 592 322 l.
610 282 655 319 et
672 278 761 332 5.),
790 292 941 320 verum
961 278 1094 320 etiam
1125 291 1223 319 esse
1243 276 1464 318 Romanos
1489 276 1594 320 fidei

118 348 226 376 suae
249 334 507 377 commissos
535 334 732 378 ostendit
756 339 843 390 (vs,
861 337 942 391 6.).
1002 334 1200 388 Παῦλος]
1232 333 1349 377 Vide
1376 332 1591 389 Prolego—

117 405 260 436 mena.
326 391 486 440 δοῦλος
516 388 661 447 Ἰησοῦ
698 394 919 449 Χριστοῦ]
960 391 1106 448 Quum
1146 401 1231 444 ³2³7
1270 404 1387 449 '7³²3’
1435 391 1590 434 δοῦλοι

114 448 252 496 θεοῦ,
292 447 336 490 in
355 448 503 490 literis
532 464 570 491 s.
597 453 688 491 tum
716 449 748 491 ii
773 455 1004 502 vocentur,
1041 449 1115 506 qui
1142 448 1275 490 vitam
1301 462 1425 490 suam
1452 453 1590 490 totam

115 502 172 545 ad
188 504 278 547 Dei
298 510 530 563 praecepta
549 520 808 563 componere
827 507 1164 550 constituissent
1183 506 1226 549 h.
1240 520 1278 549 e.
1297 504 1478 548 cultores
1487 505 1591 558 Dei,

116 562 304 616 (frontiue
326 564 523 618 §Decebtct
543 563 706 617 Θῡϊῒεέί)
726 564 818 605 sive
838 579 917 620 per
945 565 1087 617 legem
1116 563 1350 605 mosaicam
1372 560 1471 618 (Ps.
1494 562 1592 614 113,

118 620 160 662 l.
180 619 278 671 134,
292 620 354 673 1.)
373 618 465 661 sive
484 618 656 661 Christi
676 620 956 662 institutione
973 620 1139 673 cogniti
1158 620 1324 677 (ApoC.
1344 619 1475 675 7,3.)‚
1501 625 1593 660 tum

114 674 150 716 ii
175 675 480 732 appellentur,
517 674 678 731 quibus
706 677 948 732 peculiaria
989 676 1201 733 quaedam
1237 675 1439 718 mandata
1466 676 1592 717 Deus

114 729 393 787 exsequenda
412 729 634 784 dedisset,
665 737 713 774 ut
731 731 881 774 Moses
900 732 1016 786 (Jos.
1039 736 1078 786 l,
1094 736 1132 775 1.
1151 736 1297 789 Apoc.
1319 733 1460 789 1526.)
1474 766 1485 785 ,
1516 732 1592 776 Jo-

117 802 198 829 sua
216 787 266 844 (J
269 803 333 831 os.
351 787 525 843 24‚29.)
543 793 588 830 et
615 790 857 846 prophetae
886 789 935 844 (J
938 804 1073 832 erem.
1095 790 1164 842 29,
1179 791 1244 833 19.
1272 792 1418 847 Apoc.
1439 792 1593 843 lo‚7.),

115 844 162 888 h.
190 859 232 889 e.
257 845 525 898 administri,
566 846 821 901 interpretes
848 847 936 889 Dei
963 849 1208 899 (octorbncte
1235 849 1385 893 Qicuct
1414 848 1593 902 (horres),

115 915 202 944 non
237 902 397 944 mirum
430 906 503 944 est
526 903 796 960 interpretes
822 903 868 946 in
895 903 1170 961 explicandis
1197 918 1240 946 v.
1271 904 1429 952 δοῦλος
1451 900 1595 959 Ἰησοῦ

116 960 320 1015 Χριστοῦ
335 959 385 1001 in
402 957 513 1001 duas
531 965 681 1018 partes
700 960 863 1004 abisse.
922 961 1025 1004 Alii
1042 960 1180 1012 enim,
1212 965 1255 1002 et
1274 961 1477 1017 plerique
1499 960 1596 1017 qui-

116 1014 215 1058 dem
247 1018 307 1070 [v.
335 1031 374 1060 c.
401 1016 549 1069 Beza,
596 1016 788 1070 ll'olfins,
826 1018 1133 1070 Heumccmms,
1177 1016 1417 1072 Koppius],
1455 1032 1505 1058 ex
1540 1016 1595 1058 li-

116 1078 304 1115 cuerunt
330 1074 433 1116 Jesu
462 1073 621 1116 Christi
646 1074 870 1118 ministr
883 1089 984 1127 nni,
1023 1074 1105 1117 alii
1125 1074 1226 1115 Jesn
1245 1073 1403 1116 Christi
1428 1088 1487 1115 cu
1503 1074 1506 1075 ⁷
1525 1079 1596 1116 to-

115 1144 227 1172 rem
253 1129 578 1190 [EphesLGLtj]
608 1130 890 1188 interpretati
919 1136 1039 1175 sunt.
1103 1130 1223 1172 Male
1251 1130 1338 1173 illi.
1395 1128 1597 1171 Primum

116 1187 234 1228 enim
258 1187 304 1228 in
323 1188 372 1230 A
406 1187 541 1230 ostoli
564 1188 808 1229 orationem
833 1189 1092 1231 invexerunt
1118 1187 1408 1241 tautologiam
1436 1187 1598 1228 intole-

115 1243 319 1288 rabilem.
423 1258 492 1285 am
510 1244 581 1286 bis
600 1243 714 1285 idem
735 1245 925 1299 diceret,
955 1260 1053 1287 esse
1074 1260 1121 1286 se
1139 1243 1247 1289 Jesu
1269 1244 1440 1287 Christi
1459 1244 1599 1285 inter-

117 1306 312 1358 pretem:
343 1300 530 1353 Paulus,
562 1301 820 1344 minister
839 1301 949 1346 Jesu
969 1302 1162 1354 Christi,
1192 1301 1446 1344 constitutus
1465 1301 1597 1355 Apo-

115 1358 303 1401 stolus.
359 1356 535 1400 Deinde
557 1357 674 1398 haud
696 1356 874 1412 dubito,
906 1359 1012 1416 quin
1033 1357 1226 1410 Paulus,
1265 1358 1303 1399 si
1330 1356 1376 1398 id
1403 1356 1474 1399 his
1505 1357 1600 1398 elo-

119 1414 196 1471 qui
212 1414 453 1468 voluisset,
483 1415 633 1473 potius
657 1415 721 1456 ita
751 1417 1002 1473 scripturus
1028 1415 1187 1458 fuerit:
1227 1415 1431 1463 Παῦλος,
1464 1408 1600 1466 ὑπη-

115 1471 281 1526 ρέτης
307 1473 361 1527 (l
391 1470 494 1514 Cor.
521 1472 650 1526 4,l.)
677 1471 769 1513 sive
797 1469 1063 1522 διάκονος
1092 1475 1137 1527 (l
1166 1470 1269 1514 Cor.
1299 1470 1418 1525 3,5.)
1449 1468 1491 1510 Ἰ.
1521 1472 1596 1511 Χ..

116 1526 248 1571 Unde
266 1542 449 1572 enarra:
470 1527 658 1579 Paulus,
684 1528 785 1571 Jesu
804 1529 964 1571 Gla-isti
984 1529 1070 1571 cu]
1078 1534 1188 1580 tor,
1219 1527 1473 1570 constitutus
1484 1526 1599 1581 Apo-

113 1585 271 1639 stolus,
300 1590 349 1628 ut
370 1585 651 1627 manifestum
673 1584 757 1638 sit,
788 1584 976 1627 Paulum
998 1600 1045 1626 se
1066 1581 1381 1638 ὄοῦλονἸησοῦ
1395 1583 1600 1638 Χριστοῦ

113 1655 296 1695 vocare,
324 1646 375 1684 ut
389 1642 534 1686 virum
553 1641 734 1685 Christo
753 1643 920 1701 pietate
941 1641 1214 1694 devinctum,
1256 1639 1288 1683 i.
1309 1654 1349 1683 e.
1377 1639 1600 1681 hominem

114 1698 425 1744 christianum.
474 1698 642 1742 Eadem
661 1703 732 1741 est
748 1700 866 1742 ratio
885 1701 1081 1742 locorum
1100 1698 1128 1738 2
1149 1696 1274 1740 Petr.
1297 1698 1335 1748 l,
1349 1698 1389 1740 l.
1421 1695 1601 1749 Συμεὼν

114 1753 316 1814 Πέτρος,
356 1756 556 1808 δοῦλος
583 1757 678 1798 καὶ
711 1753 1033 1806 ἀπόστολος
1052 1751 1199 1812 Ἰησοῦ
1228 1754 1432 1809 Χριστοῦ
1454 1778 1524 1798 -.
1555 1757 1601 1794 et

116 1822 216 1868 Tit.
240 1824 333 1878 1‚1.
349 1824 556 1875 Παῦλος,
589 1825 794 1875 δοῦλος
819 1822 982 1877 θεοῦ,
1016 1811 1359 1865 ἀπόστολος
1395 1817 1600 1874 ammos

117 1882 322 1938 Χριστοῦ
341 1906 411 1923 —.
466 1878 583 1924 Item
602 1881 716 1924 nihil
732 1881 963 1940 prohibet,
999 1879 1236 1937 quominus
1266 1878 1369 1921 Gal.
1400 1879 1439 1929 l,
1454 1877 1522 1919 10.
1546 1900 1600 1906 —

117 1939 322 1993 Χριστοῦ
340 1937 501 1988 δοῦλος
520 1935 599 1982 οὐκ
617 1935 670 1980 ἂν
686 1932 801 1995 ἥμην
818 1939 1105 1996 explanetur:
1132 1962 1188 1968 -
1205 1950 1288 1977 non
1306 1947 1441 1976 essem
1455 1932 1598 1975 homo

117 1993 479 2039 christianus.
556 1994 647 2039 Sed
680 1995 890 2040 videntur
921 1995 1089 2053 passim
1122 1994 1392 2050 interpretes
1429 2004 1482 2030 ex
1516 1988 1598 2029 hoe

115 2051 241 2109 ipso,
279 2049 400 2108 quod
424 2052 656 2109 Apostolus
691 2068 739 2096 se
768 2053 928 2095 δοῦλον
953 2053 1068 2095 θεοῦ
1093 2066 1131 2094 S.
1163 2048 1366 2104 Χριστοῦ
1397 2045 1599 2111 dixisset,

116 2108 356 2164 collegisse
378 2108 625 2165 significari
643 2108 859 2166 ejusmodi
887 2109 933 2151 in
960 2109 1071 2151 locis
1090 2107 1181 2150 Dei
1209 2121 1247 2150 S.
1269 2103 1439 2148 Christi
1464 2107 1598 2144 mter-

115 2170 297 2220 pretem.
356 2165 501 2222 Quasi
525 2181 631 2210 vero
652 2166 811 2211 Christi
829 2166 1027 2222 Apostoli
1055 2180 1143 2207 non
1172 2163 1305 2205 simul
1330 2159 1499 2203 suerint
1525 2159 1597 2201 Ιιο-

117 2221 255 2264 mines
270 2221 517 2267 christiani!
544 2223 786 2283 Perperam
803 2224 1129 2275 Heumanmcm‚
1160 2234 1309 2263 vocem
1331 2217 1490 2264 δοῦλος
1515 2229 1596 2272 pro

119 2275 145 2319 ὅ
167 2277 328 2328 δοῦλος
350 2279 396 2326 h.
422 2281 457 2325 l.
484 2281 697 2324 collocari
729 2282 843 2323 male
871 2280 1098 2338 opinatum
1127 2277 1315 2320 vertisse
1342 2278 1426 2319 bet*
1456 2274 1598 2325 3511th

118 2333 220 2389 ‘jesu
239 2335 379 2391 (ἕβτίῇί
397 2351 501 2381 vere
519 2339 693 2382 monuit
711 2338 990 2381 Rueclcerms.
1027 2335 1187 2392 Neque
1208 2333 1323 2375 enim
1343 2334 1459 2397 era-t,
1481 2327 1598 2395 quod

120 2405 170 2433 se
191 2390 399 2446 Paulum,
431 2394 588 2439 Christi
604 2397 809 2439 cultorem
832 2394 887 2460 ah
904 2394 1007 2435 aliis
1035 2391 1232 2451 ejusdem
1258 2402 1447 2430 11011111118
1471 2400 1599 2438 viris,

64 2501 70 2504 ἢ
119 2447 199 2506 qui
223 2461 311 2489 non
339 2455 488 2493 essent
507 2451 681 2495 Christi
706 2451 969 2509 disciplinae
999 2448 1188 2500 addicti,
1230 2445 1528 2499 distingueret
1554 2448 1600 2484 et

119 2509 303 2563 praeter
319 2519 413 2547 rem
436 2522 484 2549 se
503 2509 664 2552 Christi
692 2509 917 2560 cultorem,
956 2507 1033 2563 qui
1061 2519 1167 2564 prae
1196 2503 1354 2544 cereris
1385 2506 1503 2542 recte
1533 2499 1597 2541 sic

119 2561 449 2619 appellaretur,
484 2563 672 2607 dixisset
692 2570 923 2606 contentus
958 2578 1034 2613 ee,
1076 2559 1193 2618 quod
1221 2565 1340 2602 esset
1367 2559 1443 2626 cixn
1475 2559 1597 2626 fitonis

119 2631 204 2664 met
225 2621 422 2674 Qetebret
440 2622 605 2677 emisti,
648 2623 726 2666 cin
755 2623 959 2677 erfobrnct
989 2622 1153 2675 inposta.
1186 2644 1236 2649 ——
1291 2616 1594 2681 Aegocerus).-

121 2675 298 2730 σῑθλθς]
331 2673 605 2728 ἀπόστολος,
637 2678 669 2721 i.
688 2693 728 2721 e.
760 2678 949 2732 Ieyatus,
988 2677 1032 2717 in
1054 2675 1115 2719 N.
1138 2673 1196 2716 T.
1226 2669 1321 2714 κατ’
1346 2671 1498 2726 ἒζοχην
1527 2683 1596 2734 νᾳ·

119 2730 283 2774 dieitur
302 2749 329 2776 (ι
347 2733 513 2778 Clu-isio
531 2734 622 2790 ipso
638 2734 807 2775 edoctus
823 2733 1069 2789 leyatusque
1090 2732 1144 2774 ab
1162 2745 1205 2772 eo
1224 2729 1276 2771 ad
1299 2742 1421 2770 suam
1441 2729 1598 2770 doctri-

117 2803 221 2830 nam
237 2793 577 2847 propaqcmdam.
631 2790 714 2833 Est
734 2790 872 2845 igitur
891 2804 1047 2831 nomen
1069 2787 1293 2830 duodecim
1314 2784 1483 2829 Christi
1503 2782 1594 2823 dis»

118 2844 279 2902 eipulis
310 2850 538 2905 proprium
570 2848 696 2903 [Luo.
716 2849 757 2895 6,
779 2846 845 2890 13.
879 2847 985 2888 Act.
1007 2848 1405 2943 ¹⁹252']”‹›⁴³'‘“³”¹¹¹¹¹
1443 2852 1599 2882 munus
