<?xml version="1.0" encoding="UTF-8"?>
<!DOCTYPE html PUBLIC "-//W3C//DTD XHTML 1.0 Transitional//EN"
    "http://www.w3.org/TR/xhtml1/DTD/xhtml1-transitional.dtd">
<html xmlns="http://www.w3.org/1999/xhtml" xml:lang="en" lang="en">
 <head>
  <title>
</title>
<meta http-equiv="Content-Type" content="text/html;charset=utf-8" />
  <meta name='ocr-system' content='tesseract 3.04.00' />
  <meta name='ocr-capabilities' content='ocr_page ocr_carea ocr_par ocr_line ocrx_word'/>
</head>
<body>
  <div class='ocr_page' id='page_1' title='image "./pauliadromanosep01frituoft_0383.png"; bbox 0 0 1752 3347; ppageno 0'>
   <div class='ocr_carea' id='block_1_1' title="bbox 535 118 1533 168">
    <p class='ocr_par' dir='ltr' id='par_1_1' title="bbox 535 118 1533 168">
     <span class='ocr_line' id='line_1_1' title="bbox 535 118 1533 168; baseline -0.005 -2"><span class='ocrx_word' id='word_1_1' title='bbox 535 120 694 168; x_wconf 80' lang='lat' dir='ltr'><strong>CAP.</strong></span> <span class='ocrx_word' id='word_1_2' title='bbox 726 121 785 167; x_wconf 86' lang='lat' dir='ltr'>V.</span> <span class='ocrx_word' id='word_1_3' title='bbox 842 119 931 166; x_wconf 70' lang='lat' dir='ltr'>Vs.</span> <span class='ocrx_word' id='word_1_4' title='bbox 961 119 1062 165; x_wconf 77' lang='lat'><strong>14..</strong></span> <span class='ocrx_word' id='word_1_5' title='bbox 1447 118 1533 162; x_wconf 83' lang='lat'>319</span> 
     </span>
    </p>
   </div>
   <div class='ocr_carea' id='block_1_2' title="bbox 0 222 1534 623">
    <p class='ocr_par' dir='ltr' id='par_1_2' title="bbox 0 222 1534 623">
     <span class='ocr_line' id='line_1_2' title="bbox 69 222 1531 296; baseline -0.004 -21"><span class='ocrx_word' id='word_1_6' title='bbox 69 229 135 275; x_wconf 78' lang='lat' dir='ltr'>A.</span> <span class='ocrx_word' id='word_1_7' title='bbox 156 230 197 275; x_wconf 82' lang='lat' dir='ltr'>J.</span> <span class='ocrx_word' id='word_1_8' title='bbox 219 231 258 281; x_wconf 86' lang='lat'>1,</span> <span class='ocrx_word' id='word_1_9' title='bbox 278 230 320 282; x_wconf 84' lang='lat'>3,</span> <span class='ocrx_word' id='word_1_10' title='bbox 339 229 382 273; x_wconf 84' lang='lat'>3.</span> <span class='ocrx_word' id='word_1_11' title='bbox 402 254 452 261; x_wconf 86' lang='lat'>-—</span> <span class='ocrx_word' id='word_1_12' title='bbox 472 226 565 272; x_wconf 75' lang='grc' dir='ltr'>ἀπό</span> <span class='ocrx_word' id='word_1_13' title='bbox 582 225 774 281; x_wconf 74' lang='grc' dir='ltr'><em>Ἀδάμου</em></span> <span class='ocrx_word' id='word_1_14' title='bbox 789 229 870 270; x_wconf 72' lang='grc' dir='ltr'>τοῦ</span> <span class='ocrx_word' id='word_1_15' title='bbox 890 225 1070 281; x_wconf 75' lang='grc' dir='ltr'>πρώιον</span> <span class='ocrx_word' id='word_1_16' title='bbox 1089 222 1318 296; x_wconf 66' lang='grc' dir='ltr'><strong><em>γεῖονότος</em></strong></span> <span class='ocrx_word' id='word_1_17' title='bbox 1337 224 1531 293; x_wconf 61' lang='lat' dir='ltr'>ahAda-</span> 
     </span>
     <span class='ocr_line' id='line_1_3' title="bbox 70 280 1532 342; baseline -0.002 -14"><span class='ocrx_word' id='word_1_18' title='bbox 70 300 165 338; x_wconf 86' lang='lat' dir='ltr'>mo,</span> <span class='ocrx_word' id='word_1_19' title='bbox 192 288 331 342; x_wconf 72' lang='lat' dir='ltr'>primo</span> <span class='ocrx_word' id='word_1_20' title='bbox 351 287 532 330; x_wconf 78' lang='lat' dir='ltr'>homine.</span> <span class='ocrx_word' id='word_1_21' title='bbox 565 287 640 342; x_wconf 81' lang='lat' dir='ltr'>[cf.</span> <span class='ocrx_word' id='word_1_22' title='bbox 665 288 703 338; x_wconf 85' lang='lat'>1,</span> <span class='ocrx_word' id='word_1_23' title='bbox 723 287 764 337; x_wconf 80' lang='lat'>2,</span> <span class='ocrx_word' id='word_1_24' title='bbox 781 285 844 341; x_wconf 87' lang='lat'>3.]</span> <span class='ocrx_word' id='word_1_25' title='bbox 877 289 920 327; x_wconf 88' lang='lat' dir='ltr'>ct</span> <span class='ocrx_word' id='word_1_26' title='bbox 939 284 982 337; x_wconf 88' lang='grc'>8,</span> <span class='ocrx_word' id='word_1_27' title='bbox 999 283 1040 335; x_wconf 79' lang='grc'>3,</span> <span class='ocrx_word' id='word_1_28' title='bbox 1057 285 1096 327; x_wconf 90' lang='lat'>1.</span> <span class='ocrx_word' id='word_1_29' title='bbox 1126 280 1216 325; x_wconf 74' lang='grc' dir='ltr'>απὸ</span> <span class='ocrx_word' id='word_1_30' title='bbox 1239 282 1288 325; x_wconf 81' lang='grc' dir='ltr'>δὲ</span> <span class='ocrx_word' id='word_1_31' title='bbox 1307 284 1387 325; x_wconf 73' lang='grc' dir='ltr'>τοῦ</span> <span class='ocrx_word' id='word_1_32' title='bbox 1409 298 1532 339; x_wconf 76' lang='grc' dir='ltr'><em>πρω-</em></span> 
     </span>
     <span class='ocr_line' id='line_1_4' title="bbox 70 339 1532 399; baseline -0.001 -14"><span class='ocrx_word' id='word_1_33' title='bbox 70 358 150 385; x_wconf 74' lang='grc' dir='ltr'>του</span> <span class='ocrx_word' id='word_1_34' title='bbox 173 342 432 399; x_wconf 69' lang='grc' dir='ltr'>γενηθέντος</span> <span class='ocrx_word' id='word_1_35' title='bbox 445 339 639 395; x_wconf 72' lang='grc' dir='ltr'><em>Ἀδάμου</em></span> <span class='ocrx_word' id='word_1_36' title='bbox 656 368 711 374; x_wconf 73' lang='lat'>—-</span> <span class='ocrx_word' id='word_1_37' title='bbox 734 342 789 383; x_wconf 84' lang='lat' dir='ltr'>ab</span> <span class='ocrx_word' id='word_1_38' title='bbox 808 341 982 384; x_wconf 84' lang='lat' dir='ltr'>Adamo</span> <span class='ocrx_word' id='word_1_39' title='bbox 996 375 1008 394; x_wconf 91' lang='lat'>‚</span> <span class='ocrx_word' id='word_1_40' title='bbox 1036 341 1108 397; x_wconf 77' lang='lat' dir='ltr'>qui</span> <span class='ocrx_word' id='word_1_41' title='bbox 1125 342 1295 395; x_wconf 71' lang='lat' dir='ltr'>primus</span> <span class='ocrx_word' id='word_1_42' title='bbox 1314 340 1434 381; x_wconf 76' lang='lat' dir='ltr'>homo</span> <span class='ocrx_word' id='word_1_43' title='bbox 1452 355 1532 383; x_wconf 65' lang='lat' dir='ltr'>ea·-</span> 
     </span>
     <span class='ocr_line' id='line_1_5' title="bbox 68 396 1533 454; baseline -0.001 -12"><span class='ocrx_word' id='word_1_44' title='bbox 68 400 204 454; x_wconf 68' lang='lat' dir='ltr'>stitit)</span> <span class='ocrx_word' id='word_1_45' title='bbox 231 399 395 441; x_wconf 89' lang='lat' dir='ltr'>indicio</span> <span class='ocrx_word' id='word_1_46' title='bbox 427 414 526 441; x_wconf 80' lang='lat' dir='ltr'>esse</span> <span class='ocrx_word' id='word_1_47' title='bbox 559 398 756 449; x_wconf 76' lang='lat' dir='ltr'>videtur,</span> <span class='ocrx_word' id='word_1_48' title='bbox 796 399 850 440; x_wconf 86' lang='lat' dir='ltr'>ab</span> <span class='ocrx_word' id='word_1_49' title='bbox 880 399 957 440; x_wconf 87' lang='lat' dir='ltr'>illo</span> <span class='ocrx_word' id='word_1_50' title='bbox 986 398 1127 453; x_wconf 73' lang='lat' dir='ltr'>primo</span> <span class='ocrx_word' id='word_1_51' title='bbox 1159 396 1334 438; x_wconf 78' lang='lat' dir='ltr'>Adamo</span> <span class='ocrx_word' id='word_1_52' title='bbox 1365 402 1533 452; x_wconf 82' lang='lat' dir='ltr'>postre-</span> 
     </span>
     <span class='ocr_line' id='line_1_6' title="bbox 68 451 1534 511; baseline 0 -13"><span class='ocrx_word' id='word_1_53' title='bbox 68 470 182 498; x_wconf 77' lang='lat' dir='ltr'>mum</span> <span class='ocrx_word' id='word_1_54' title='bbox 203 455 415 511; x_wconf 85' lang='lat' dir='ltr'>quendam</span> <span class='ocrx_word' id='word_1_55' title='bbox 437 455 658 497; x_wconf 81' lang='lat' dir='ltr'>Adamum</span> <span class='ocrx_word' id='word_1_56' title='bbox 680 457 807 510; x_wconf 77' lang='lat' dir='ltr'>vulgo</span> <span class='ocrx_word' id='word_1_57' title='bbox 827 455 1082 496; x_wconf 86' lang='lat' dir='ltr'>distinctum</span> <span class='ocrx_word' id='word_1_58' title='bbox 1101 468 1215 496; x_wconf 84' lang='lat' dir='ltr'>csse.</span> <span class='ocrx_word' id='word_1_59' title='bbox 1273 451 1394 507; x_wconf 70' lang='lat' dir='ltr'>Quin</span> <span class='ocrx_word' id='word_1_60' title='bbox 1409 452 1534 498; x_wconf 80' lang='lat' dir='ltr'>Neve</span> 
     </span>
     <span class='ocr_line' id='line_1_7' title="bbox 69 510 1532 566; baseline -0.001 -12"><span class='ocrx_word' id='word_1_61' title='bbox 69 510 273 554; x_wconf 86' lang='lat' dir='ltr'>Schalom</span> <span class='ocrx_word' id='word_1_62' title='bbox 311 511 387 566; x_wconf 90' lang='lat' dir='ltr'>(de</span> <span class='ocrx_word' id='word_1_63' title='bbox 426 526 512 566; x_wconf 82' lang='lat' dir='ltr'>quo</span> <span class='ocrx_word' id='word_1_64' title='bbox 549 512 666 552; x_wconf 83' lang='lat' dir='ltr'>libro</span> <span class='ocrx_word' id='word_1_65' title='bbox 695 526 735 553; x_wconf 83' lang='lat' dir='ltr'>v.</span> <span class='ocrx_word' id='word_1_66' title='bbox 766 511 1028 553; x_wconf 57' lang='lat' dir='ltr'>Bra-tolomei</span> <span class='ocrx_word' id='word_1_67' title='bbox 1054 510 1331 552; x_wconf 78' lang='lat' dir='ltr'>Bibliotheca</span> <span class='ocrx_word' id='word_1_68' title='bbox 1375 524 1532 565; x_wconf 75' lang='lat' dir='ltr'>magna</span> 
     </span>
     <span class='ocr_line' id='line_1_8' title="bbox 0 564 1532 623; baseline -0.001 -13"><span class='ocrx_word' id='word_1_69' title='bbox 0 607 3 618; x_wconf 31' lang='lat'>2</span> <span class='ocrx_word' id='word_1_70' title='bbox 66 568 190 611; x_wconf 80' lang='lat' dir='ltr'>rabb.</span> <span class='ocrx_word' id='word_1_71' title='bbox 221 566 279 610; x_wconf 92' lang='lat' dir='ltr'>T.</span> <span class='ocrx_word' id='word_1_72' title='bbox 303 566 343 610; x_wconf 88' lang='grc'>1.</span> <span class='ocrx_word' id='word_1_73' title='bbox 374 581 418 623; x_wconf 82' lang='lat' dir='ltr'>p.</span> <span class='ocrx_word' id='word_1_74' title='bbox 437 567 532 614; x_wconf 84' lang='lat'>31.)</span> <span class='ocrx_word' id='word_1_75' title='bbox 561 570 691 609; x_wconf 82' lang='lat' dir='ltr'>tract.</span> <span class='ocrx_word' id='word_1_76' title='bbox 711 568 752 609; x_wconf 89' lang='grc'>9.</span> <span class='ocrx_word' id='word_1_77' title='bbox 787 582 826 609; x_wconf 87' lang='lat' dir='ltr'>c.</span> <span class='ocrx_word' id='word_1_78' title='bbox 849 569 891 610; x_wconf 81' lang='grc'>9.</span> <span class='ocrx_word' id='word_1_79' title='bbox 923 568 1000 621; x_wconf 79' lang='lat' dir='ltr'>(cf.</span> <span class='ocrx_word' id='word_1_80' title='bbox 1022 581 1060 608; x_wconf 90' lang='lat' dir='ltr'>c.</span> <span class='ocrx_word' id='word_1_81' title='bbox 1080 566 1144 617; x_wconf 85' lang='lat'>5.)</span> <span class='ocrx_word' id='word_1_82' title='bbox 1173 564 1366 606; x_wconf 79' lang='lat' dir='ltr'>Messias</span> <span class='ocrx_word' id='word_1_83' title='bbox 1392 568 1532 609; x_wconf 72' lang='lat' dir='ltr'>novis-</span> 
     </span>
    </p>
   </div>
   <div class='ocr_carea' id='block_1_3' title="bbox 0 622 1533 679">
    <p class='ocr_par' dir='ltr' id='par_1_3' title="bbox 0 622 1533 679">
     <span class='ocr_line' id='line_1_9' title="bbox 0 622 1533 679; baseline 0 -13"><span class='ocrx_word' id='word_1_84' title='bbox 0 624 3 633; x_wconf 90' lang='lat'>&#39;</span> <span class='ocrx_word' id='word_1_85' title='bbox 66 625 197 666; x_wconf 76' lang='lat' dir='ltr'>simus</span> <span class='ocrx_word' id='word_1_86' title='bbox 208 622 413 666; x_wconf 87' lang='lat' dir='ltr'>Adamus</span> <span class='ocrx_word' id='word_1_87' title='bbox 430 624 594 675; x_wconf 56' lang='lat' dir='ltr'>(ry-&amp;72³</span> <span class='ocrx_word' id='word_1_88' title='bbox 607 636 688 665; x_wconf 57' lang='lat' dir='ltr'>aar»</span> <span class='ocrx_word' id='word_1_89' title='bbox 705 627 862 679; x_wconf 48' lang='lat' dir='ltr'>fmus-²57</span> <span class='ocrx_word' id='word_1_90' title='bbox 880 633 999 667; x_wconf 59' lang='grc' dir='ltr'>ε-τκπ</span> <span class='ocrx_word' id='word_1_91' title='bbox 1011 622 1205 664; x_wconf 73' lang='lat' dir='ltr'>Adumm-</span> <span class='ocrx_word' id='word_1_92' title='bbox 1213 626 1456 677; x_wconf 74' lang='lat' dir='ltr'>postremus</span> <span class='ocrx_word' id='word_1_93' title='bbox 1468 629 1533 666; x_wconf 79' lang='lat' dir='ltr'>est</span> 
     </span>
    </p>
   </div>
   <div class='ocr_carea' id='block_1_4' title="bbox 54 669 1535 2779">
    <p class='ocr_par' dir='ltr' id='par_1_4' title="bbox 65 669 1532 848">
     <span class='ocr_line' id='line_1_10' title="bbox 65 669 1530 739; baseline -0.001 -15"><span class='ocrx_word' id='word_1_94' title='bbox 65 679 276 733; x_wconf 77' lang='lat' dir='ltr'><em>Messias)</em></span> <span class='ocrx_word' id='word_1_95' title='bbox 304 683 348 721; x_wconf 90' lang='lat' dir='ltr'>et</span> <span class='ocrx_word' id='word_1_96' title='bbox 367 679 508 736; x_wconf 89' lang='lat' dir='ltr'>primo</span> <span class='ocrx_word' id='word_1_97' title='bbox 526 669 702 722; x_wconf 54' lang='lat' dir='ltr'>[Manio</span> <span class='ocrx_word' id='word_1_98' title='bbox 722 669 1026 736; x_wconf 65' lang='lat' dir='ltr'>plane⁷dispzir</span> <span class='ocrx_word' id='word_1_99' title='bbox 1044 681 1223 736; x_wconf 51' lang='lat' dir='ltr'>(Trai-»³⁸33</span> <span class='ocrx_word' id='word_1_100' title='bbox 1242 679 1352 737; x_wconf 46' lang='grc' dir='ltr'>οἵδ’)</span> <span class='ocrx_word' id='word_1_101' title='bbox 1375 686 1530 739; x_wconf 58' lang='grc' dir='ltr'>ηξτῑτς),</span> 
     </span>
     <span class='ocr_line' id='line_1_11' title="bbox 97 734 1532 789; baseline 0.002 -11"><span class='ocrx_word' id='word_1_102' title='bbox 97 736 168 778; x_wconf 88' lang='lat' dir='ltr'>uia</span> <span class='ocrx_word' id='word_1_103' title='bbox 206 735 341 779; x_wconf 80' lang='lat' dir='ltr'>vitam</span> <span class='ocrx_word' id='word_1_104' title='bbox 377 737 459 789; x_wconf 82' lang='lat' dir='ltr'>sit,</span> <span class='ocrx_word' id='word_1_105' title='bbox 514 750 600 777; x_wconf 88' lang='lat' dir='ltr'>non</span> <span class='ocrx_word' id='word_1_106' title='bbox 640 743 822 778; x_wconf 77' lang='lat' dir='ltr'>mortem</span> <span class='ocrx_word' id='word_1_107' title='bbox 857 737 1104 787; x_wconf 85' lang='lat' dir='ltr'>allaturus,</span> <span class='ocrx_word' id='word_1_108' title='bbox 1146 734 1314 777; x_wconf 83' lang='lat' dir='ltr'>diserte</span> <span class='ocrx_word' id='word_1_109' title='bbox 1343 734 1532 782; x_wconf 76' lang='lat' dir='ltr'>dicitur.</span> 
     </span>
     <span class='ocr_line' id='line_1_12' title="bbox 112 791 1532 848; baseline 0.001 -13"><span class='ocrx_word' id='word_1_110' title='bbox 112 791 199 835; x_wconf 85' lang='lat' dir='ltr'>uod</span> <span class='ocrx_word' id='word_1_111' title='bbox 221 798 366 834; x_wconf 88' lang='lat' dir='ltr'>autem</span> <span class='ocrx_word' id='word_1_112' title='bbox 387 793 443 836; x_wconf 82' lang='lat' dir='ltr'>R.</span> <span class='ocrx_word' id='word_1_113' title='bbox 465 792 693 836; x_wconf 76' lang='lat' dir='ltr'>Abraham</span> <span class='ocrx_word' id='word_1_114' title='bbox 718 792 832 835; x_wconf 86' lang='lat' dir='ltr'>Seba</span> <span class='ocrx_word' id='word_1_115' title='bbox 855 792 979 836; x_wconf 88' lang='lat' dir='ltr'>Com.</span> <span class='ocrx_word' id='word_1_116' title='bbox 1010 794 1055 834; x_wconf 88' lang='lat' dir='ltr'>in</span> <span class='ocrx_word' id='word_1_117' title='bbox 1072 792 1161 846; x_wconf 85' lang='lat' dir='ltr'>leg.</span> <span class='ocrx_word' id='word_1_118' title='bbox 1183 793 1215 835; x_wconf 84' lang='lat' dir='ltr'>f.</span> <span class='ocrx_word' id='word_1_119' title='bbox 1237 793 1310 845; x_wconf 85' lang='lat'>81,</span> <span class='ocrx_word' id='word_1_120' title='bbox 1332 793 1377 837; x_wconf 84' lang='lat'>4.</span> <span class='ocrx_word' id='word_1_121' title='bbox 1396 799 1440 837; x_wconf 88' lang='lat' dir='ltr'>et</span> <span class='ocrx_word' id='word_1_122' title='bbox 1457 794 1532 848; x_wconf 85' lang='lat'>82,</span> 
     </span>
    </p>

    <p class='ocr_par' dir='ltr' id='par_1_5' title="bbox 62 848 1532 906">
     <span class='ocr_line' id='line_1_13' title="bbox 62 848 1532 906; baseline 0 -12"><span class='ocrx_word' id='word_1_123' title='bbox 62 851 107 896; x_wconf 84' lang='lat'>2.</span> <span class='ocrx_word' id='word_1_124' title='bbox 136 852 198 906; x_wconf 79' lang='lat' dir='ltr'>(V.</span> <span class='ocrx_word' id='word_1_125' title='bbox 220 849 488 892; x_wconf 60' lang='lat' dir='ltr'>Mensclmnia·</span> <span class='ocrx_word' id='word_1_126' title='bbox 504 849 564 894; x_wconf 90' lang='lat' dir='ltr'>N.</span> <span class='ocrx_word' id='word_1_127' title='bbox 582 849 641 893; x_wconf 89' lang='lat' dir='ltr'>T.</span> <span class='ocrx_word' id='word_1_128' title='bbox 663 865 715 892; x_wconf 84' lang='lat' dir='ltr'>ex</span> <span class='ocrx_word' id='word_1_129' title='bbox 734 849 882 894; x_wconf 80' lang='lat' dir='ltr'>Talin.</span> <span class='ocrx_word' id='word_1_130' title='bbox 906 850 1074 892; x_wconf 76' lang='lat' dir='ltr'>illustr.</span> <span class='ocrx_word' id='word_1_131' title='bbox 1096 863 1140 905; x_wconf 92' lang='lat' dir='ltr'>p.</span> <span class='ocrx_word' id='word_1_132' title='bbox 1157 848 1386 905; x_wconf 77' lang='lat' dir='ltr'>104S.s‹1.)</span> <span class='ocrx_word' id='word_1_133' title='bbox 1402 851 1532 894; x_wconf 83' lang='lat' dir='ltr'>Ada-</span> 
     </span>
    </p>

    <p class='ocr_par' dir='ltr' id='par_1_6' title="bbox 63 905 1533 966">
     <span class='ocr_line' id='line_1_14' title="bbox 63 905 1533 966; baseline 0.001 -16"><span class='ocrx_word' id='word_1_134' title='bbox 63 921 133 950; x_wconf 88' lang='lat' dir='ltr'>mo</span> <span class='ocrx_word' id='word_1_135' title='bbox 155 906 298 964; x_wconf 86' lang='lat' dir='ltr'>primo</span> <span class='ocrx_word' id='word_1_136' title='bbox 323 921 375 949; x_wconf 79' lang='lat' dir='ltr'>ex</span> <span class='ocrx_word' id='word_1_137' title='bbox 395 905 578 949; x_wconf 83' lang='lat' dir='ltr'>adverso</span> <span class='ocrx_word' id='word_1_138' title='bbox 597 907 723 965; x_wconf 89' lang='lat' dir='ltr'>ponit</span> <span class='ocrx_word' id='word_1_139' title='bbox 750 919 839 962; x_wconf 55' lang='lat'>*³133</span> <span class='ocrx_word' id='word_1_140' title='bbox 860 917 948 966; x_wconf 61' lang='lat'>:⁵313</span> <span class='ocrx_word' id='word_1_141' title='bbox 976 907 1085 949; x_wconf 71' lang='lat' dir='ltr'>alius</span> <span class='ocrx_word' id='word_1_142' title='bbox 1107 906 1277 961; x_wconf 66' lang='lat' dir='ltr'>{seueris</span> <span class='ocrx_word' id='word_1_143' title='bbox 1297 908 1533 963; x_wconf 76' lang='lat' dir='ltr'>Adcemum,</span> 
     </span>
    </p>

    <p class='ocr_par' dir='ltr' id='par_1_7' title="bbox 63 964 1533 1078">
     <span class='ocr_line' id='line_1_15' title="bbox 64 964 1533 1022; baseline 0.002 -16"><span class='ocrx_word' id='word_1_144' title='bbox 64 978 193 1022; x_wconf 88' lang='lat' dir='ltr'>quem</span> <span class='ocrx_word' id='word_1_145' title='bbox 220 964 449 1006; x_wconf 78' lang='lat' dir='ltr'>Aaronem</span> <span class='ocrx_word' id='word_1_146' title='bbox 478 979 579 1006; x_wconf 87' lang='lat' dir='ltr'>esse</span> <span class='ocrx_word' id='word_1_147' title='bbox 605 980 660 1007; x_wconf 82' lang='lat' dir='ltr'>ex</span> <span class='ocrx_word' id='word_1_148' title='bbox 686 964 829 1008; x_wconf 84' lang='lat' dir='ltr'><strong>Exod.</strong></span> <span class='ocrx_word' id='word_1_149' title='bbox 850 965 922 1017; x_wconf 85' lang='lat'>28,</span> <span class='ocrx_word' id='word_1_150' title='bbox 950 965 991 1008; x_wconf 87' lang='lat' dir='ltr'>l.</span> <span class='ocrx_word' id='word_1_151' title='bbox 1021 977 1236 1020; x_wconf 67' lang='lat' dir='ltr'>apparere</span> <span class='ocrx_word' id='word_1_152' title='bbox 1259 964 1346 1018; x_wconf 71' lang='lat' dir='ltr'>ait,</span> <span class='ocrx_word' id='word_1_153' title='bbox 1393 966 1533 1008; x_wconf 86' lang='lat' dir='ltr'>homi-</span> 
     </span>
     <span class='ocr_line' id='line_1_16' title="bbox 63 1019 1533 1078; baseline 0.001 -14"><span class='ocrx_word' id='word_1_154' title='bbox 63 1035 167 1064; x_wconf 86' lang='lat' dir='ltr'>num</span> <span class='ocrx_word' id='word_1_155' title='bbox 201 1021 492 1078; x_wconf 76' lang='lat' dir='ltr'>expiatorem,</span> <span class='ocrx_word' id='word_1_156' title='bbox 532 1020 578 1063; x_wconf 85' lang='lat' dir='ltr'>id</span> <span class='ocrx_word' id='word_1_157' title='bbox 616 1035 787 1078; x_wconf 81' lang='lat' dir='ltr'>quoque</span> <span class='ocrx_word' id='word_1_158' title='bbox 827 1036 954 1078; x_wconf 83' lang='lat' dir='ltr'>quam</span> <span class='ocrx_word' id='word_1_159' title='bbox 983 1022 1148 1063; x_wconf 80' lang='lat' dir='ltr'>usitata</span> <span class='ocrx_word' id='word_1_160' title='bbox 1179 1019 1364 1064; x_wconf 78' lang='lat' dir='ltr'>Judaeis</span> <span class='ocrx_word' id='word_1_161' title='bbox 1395 1024 1533 1067; x_wconf 79' lang='lat' dir='ltr'>suerit</span> 
     </span>
    </p>

    <p class='ocr_par' dir='ltr' id='par_1_8' title="bbox 62 1076 1533 1135">
     <span class='ocr_line' id='line_1_17' title="bbox 62 1076 1533 1135; baseline 0.001 -14"><span class='ocrx_word' id='word_1_162' title='bbox 62 1076 228 1121; x_wconf 84' lang='lat' dir='ltr'>Adami</span> <span class='ocrx_word' id='word_1_163' title='bbox 247 1077 380 1135; x_wconf 88' lang='lat' dir='ltr'>primi</span> <span class='ocrx_word' id='word_1_164' title='bbox 398 1081 442 1120; x_wconf 87' lang='lat' dir='ltr'>et</span> <span class='ocrx_word' id='word_1_165' title='bbox 460 1078 673 1135; x_wconf 79' lang='lat' dir='ltr'><strong>postremi</strong></span> <span class='ocrx_word' id='word_1_166' title='bbox 694 1077 918 1121; x_wconf 84' lang='lat' dir='ltr'>distinctio</span> <span class='ocrx_word' id='word_1_167' title='bbox 936 1083 1192 1131; x_wconf 83' lang='lat' dir='ltr'>argumento</span> <span class='ocrx_word' id='word_1_168' title='bbox 1211 1082 1296 1122; x_wconf 72' lang='lat' dir='ltr'>est.</span> <span class='ocrx_word' id='word_1_169' title='bbox 1356 1079 1533 1124; x_wconf 82' lang='lat' dir='ltr'>Nititur</span> 
     </span>
    </p>

    <p class='ocr_par' dir='ltr' id='par_1_9' title="bbox 63 1134 1535 1196">
     <span class='ocr_line' id='line_1_18' title="bbox 63 1134 1535 1196; baseline 0.003 -20"><span class='ocrx_word' id='word_1_170' title='bbox 63 1135 180 1178; x_wconf 84' lang='lat' dir='ltr'>enim</span> <span class='ocrx_word' id='word_1_171' title='bbox 213 1134 382 1194; x_wconf 87' lang='lat' dir='ltr'>judaici</span> <span class='ocrx_word' id='word_1_172' title='bbox 414 1135 618 1190; x_wconf 76' lang='lat' dir='ltr'>magistri</span> <span class='ocrx_word' id='word_1_173' title='bbox 644 1134 886 1193; x_wconf 86' lang='lat' dir='ltr'>disputatio</span> <span class='ocrx_word' id='word_1_174' title='bbox 914 1135 1150 1178; x_wconf 73' lang='lat' dir='ltr'>verborum</span> <span class='ocrx_word' id='word_1_175' title='bbox 1178 1139 1305 1193; x_wconf 46' lang='lat' dir='ltr'>35³¹]ss</span> <span class='ocrx_word' id='word_1_176' title='bbox 1333 1141 1379 1179; x_wconf 83' lang='lat' dir='ltr'>et</span> <span class='ocrx_word' id='word_1_177' title='bbox 1406 1142 1535 1196; x_wconf 52' lang='grc' dir='ltr'>ᾐτιςς</span> 
     </span>
    </p>

    <p class='ocr_par' dir='ltr' id='par_1_10' title="bbox 63 1188 1532 1307">
     <span class='ocr_line' id='line_1_19' title="bbox 63 1188 1532 1249; baseline 0.001 -14"><span class='ocrx_word' id='word_1_178' title='bbox 63 1191 370 1235; x_wconf 85' lang='lat' dir='ltr'>similitudine.</span> <span class='ocrx_word' id='word_1_179' title='bbox 429 1191 612 1234; x_wconf 89' lang='lat' dir='ltr'>Minime</span> <span class='ocrx_word' id='word_1_180' title='bbox 642 1197 784 1234; x_wconf 86' lang='lat' dir='ltr'>autem</span> <span class='ocrx_word' id='word_1_181' title='bbox 809 1193 1013 1236; x_wconf 88' lang='lat' dir='ltr'>Christus</span> <span class='ocrx_word' id='word_1_182' title='bbox 1041 1192 1085 1236; x_wconf 87' lang='lat' dir='ltr'>h.</span> <span class='ocrx_word' id='word_1_183' title='bbox 1108 1193 1141 1235; x_wconf 87' lang='lat'>1.</span> <span class='ocrx_word' id='word_1_184' title='bbox 1161 1188 1184 1234; x_wconf 81' lang='grc' dir='ltr'><em>ὃ</em></span> <span class='ocrx_word' id='word_1_185' title='bbox 1202 1192 1375 1243; x_wconf 81' lang='grc' dir='ltr'><em>μέλλων</em></span> <span class='ocrx_word' id='word_1_186' title='bbox 1386 1191 1532 1249; x_wconf 79' lang='grc' dir='ltr'>Ἀδάμ</span> 
     </span>
     <span class='ocr_line' id='line_1_20' title="bbox 63 1247 1532 1307; baseline 0.003 -15"><span class='ocrx_word' id='word_1_187' title='bbox 63 1247 161 1307; x_wconf 86' lang='lat' dir='ltr'>ejus</span> <span class='ocrx_word' id='word_1_188' title='bbox 182 1249 419 1306; x_wconf 85' lang='lat' dir='ltr'>temporiS‚</span> <span class='ocrx_word' id='word_1_189' title='bbox 448 1263 534 1305; x_wconf 86' lang='lat' dir='ltr'>qno</span> <span class='ocrx_word' id='word_1_190' title='bbox 564 1254 641 1291; x_wconf 85' lang='lat' dir='ltr'>aut</span> <span class='ocrx_word' id='word_1_191' title='bbox 659 1248 864 1293; x_wconf 88' lang='lat' dir='ltr'>Adamus</span> <span class='ocrx_word' id='word_1_192' title='bbox 891 1250 1058 1292; x_wconf 82' lang='lat' dir='ltr'>viveret</span> <span class='ocrx_word' id='word_1_193' title='bbox 1082 1255 1160 1292; x_wconf 84' lang='lat' dir='ltr'>aut</span> <span class='ocrx_word' id='word_1_194' title='bbox 1182 1249 1390 1294; x_wconf 84' lang='lat' dir='ltr'>Christus</span> <span class='ocrx_word' id='word_1_195' title='bbox 1421 1266 1532 1296; x_wconf 85' lang='lat' dir='ltr'>non-</span> 
     </span>
    </p>

    <p class='ocr_par' dir='ltr' id='par_1_11' title="bbox 61 1303 1532 1364">
     <span class='ocr_line' id='line_1_21' title="bbox 61 1303 1532 1364; baseline 0.003 -15"><span class='ocrx_word' id='word_1_196' title='bbox 61 1306 165 1349; x_wconf 87' lang='lat' dir='ltr'>dum</span> <span class='ocrx_word' id='word_1_197' title='bbox 187 1310 318 1347; x_wconf 89' lang='lat' dir='ltr'>natus</span> <span class='ocrx_word' id='word_1_198' title='bbox 340 1310 483 1360; x_wconf 88' lang='lat' dir='ltr'>esset,</span> <span class='ocrx_word' id='word_1_199' title='bbox 513 1322 598 1362; x_wconf 85' lang='lat' dir='ltr'>quo</span> <span class='ocrx_word' id='word_1_200' title='bbox 628 1311 754 1363; x_wconf 86' lang='lat' dir='ltr'>pacto</span> <span class='ocrx_word' id='word_1_201' title='bbox 774 1305 1063 1364; x_wconf 78' lang='lat' dir='ltr'>participium</span> <span class='ocrx_word' id='word_1_202' title='bbox 1089 1303 1112 1349; x_wconf 83' lang='grc' dir='ltr'><em>ὃ</em></span> <span class='ocrx_word' id='word_1_203' title='bbox 1131 1304 1306 1360; x_wconf 76' lang='grc' dir='ltr'><em>μέλλων</em></span> <span class='ocrx_word' id='word_1_204' title='bbox 1331 1308 1419 1351; x_wconf 81' lang='lat' dir='ltr'>vim</span> <span class='ocrx_word' id='word_1_205' title='bbox 1439 1308 1532 1353; x_wconf 78' lang='lat' dir='ltr'>Im-</span> 
     </span>
    </p>

    <p class='ocr_par' dir='ltr' id='par_1_12' title="bbox 62 1362 1531 1423">
     <span class='ocr_line' id='line_1_22' title="bbox 62 1362 1531 1423; baseline 0.004 -20"><span class='ocrx_word' id='word_1_206' title='bbox 62 1362 248 1422; x_wconf 81' lang='lat' dir='ltr'>perfecti</span> <span class='ocrx_word' id='word_1_207' title='bbox 276 1362 461 1404; x_wconf 84' lang='lat' dir='ltr'>haberet</span> <span class='ocrx_word' id='word_1_208' title='bbox 498 1364 596 1419; x_wconf 84' lang='lat' dir='ltr'>(qui</span> <span class='ocrx_word' id='word_1_209' title='bbox 627 1363 829 1406; x_wconf 82' lang='lat' dir='ltr'>Adamus</span> <span class='ocrx_word' id='word_1_210' title='bbox 870 1363 966 1423; x_wconf 86' lang='lat' dir='ltr'>ejus</span> <span class='ocrx_word' id='word_1_211' title='bbox 994 1362 1183 1416; x_wconf 66' lang='lat' dir='ltr'>Adanu,</span> <span class='ocrx_word' id='word_1_212' title='bbox 1235 1365 1313 1420; x_wconf 90' lang='lat' dir='ltr'>qui</span> <span class='ocrx_word' id='word_1_213' title='bbox 1352 1366 1531 1409; x_wconf 72' lang='lat' dir='ltr'>futurus</span> 
     </span>
    </p>

    <p class='ocr_par' dir='ltr' id='par_1_13' title="bbox 61 1419 1531 1593">
     <span class='ocr_line' id='line_1_23' title="bbox 61 1419 1531 1475; baseline 0.003 -13"><span class='ocrx_word' id='word_1_214' title='bbox 61 1423 182 1470; x_wconf 83' lang='lat' dir='ltr'>erat,</span> <span class='ocrx_word' id='word_1_215' title='bbox 211 1419 356 1472; x_wconf 80' lang='lat' dir='ltr'>imago</span> <span class='ocrx_word' id='word_1_216' title='bbox 389 1423 482 1462; x_wconf 88' lang='lat' dir='ltr'>cst:</span> <span class='ocrx_word' id='word_1_217' title='bbox 518 1426 559 1462; x_wconf 64' lang='lat' dir='ltr'>v.</span> <span class='ocrx_word' id='word_1_218' title='bbox 588 1420 738 1473; x_wconf 72' lang='lat' dir='ltr'>Beza,</span> <span class='ocrx_word' id='word_1_219' title='bbox 766 1421 947 1472; x_wconf 61' lang='lat' dir='ltr'>Herem„</span> <span class='ocrx_word' id='word_1_220' title='bbox 978 1419 1150 1475; x_wconf 65' lang='lat' dir='ltr'>Reieh.)</span> <span class='ocrx_word' id='word_1_221' title='bbox 1177 1423 1351 1462; x_wconf 85' lang='lat' dir='ltr'>ratione</span> <span class='ocrx_word' id='word_1_222' title='bbox 1378 1422 1531 1467; x_wconf 76' lang='lat' dir='ltr'>habita</span> 
     </span>
     <span class='ocr_line' id='line_1_24' title="bbox 61 1475 1530 1537; baseline 0.003 -18"><span class='ocrx_word' id='word_1_223' title='bbox 61 1480 259 1519; x_wconf 79' lang='lat' dir='ltr'>vocatur.</span> <span class='ocrx_word' id='word_1_224' title='bbox 300 1475 485 1517; x_wconf 81' lang='lat' dir='ltr'>Rectius</span> <span class='ocrx_word' id='word_1_225' title='bbox 504 1476 607 1517; x_wconf 83' lang='lat' dir='ltr'>aliis</span> <span class='ocrx_word' id='word_1_226' title='bbox 629 1477 692 1517; x_wconf 89' lang='lat' dir='ltr'>sic</span> <span class='ocrx_word' id='word_1_227' title='bbox 712 1477 932 1534; x_wconf 83' lang='lat' dir='ltr'>appellari</span> <span class='ocrx_word' id='word_1_228' title='bbox 953 1476 1125 1519; x_wconf 80' lang='lat' dir='ltr'>videtur</span> <span class='ocrx_word' id='word_1_229' title='bbox 1143 1483 1395 1534; x_wconf 85' lang='lat' dir='ltr'>propterea,</span> <span class='ocrx_word' id='word_1_230' title='bbox 1414 1480 1530 1537; x_wconf 84' lang='lat' dir='ltr'>quod</span> 
     </span>
     <span class='ocr_line' id='line_1_25' title="bbox 61 1530 1531 1593; baseline 0.005 -19"><span class='ocrx_word' id='word_1_231' title='bbox 61 1546 150 1590; x_wconf 88' lang='lat' dir='ltr'>quo</span> <span class='ocrx_word' id='word_1_232' title='bbox 187 1536 273 1573; x_wconf 89' lang='lat' dir='ltr'>tem</span> <span class='ocrx_word' id='word_1_233' title='bbox 309 1545 386 1574; x_wconf 83' lang='lat' dir='ltr'>ore</span> <span class='ocrx_word' id='word_1_234' title='bbox 414 1531 520 1573; x_wconf 82' lang='lat' dir='ltr'>haec</span> <span class='ocrx_word' id='word_1_235' title='bbox 547 1530 600 1575; x_wconf 91' lang='lat' dir='ltr'>P.</span> <span class='ocrx_word' id='word_1_236' title='bbox 627 1533 809 1590; x_wconf 82' lang='lat' dir='ltr'>scripsit</span> <span class='ocrx_word' id='word_1_237' title='bbox 837 1532 1042 1574; x_wconf 80' lang='lat' dir='ltr'>Christus</span> <span class='ocrx_word' id='word_1_238' title='bbox 1069 1532 1264 1576; x_wconf 86' lang='lat' dir='ltr'>Messiae</span> <span class='ocrx_word' id='word_1_239' title='bbox 1294 1535 1531 1593; x_wconf 84' lang='lat' dir='ltr'>majestate</span> 
     </span>
    </p>

    <p class='ocr_par' dir='ltr' id='par_1_14' title="bbox 60 1587 1531 1650">
     <span class='ocr_line' id='line_1_26' title="bbox 60 1587 1531 1650; baseline 0.005 -19"><span class='ocrx_word' id='word_1_240' title='bbox 60 1589 257 1632; x_wconf 73' lang='lat' dir='ltr'>assumta</span> <span class='ocrx_word' id='word_1_241' title='bbox 276 1587 435 1632; x_wconf 64' lang='lat' dir='ltr'>matth.</span> <span class='ocrx_word' id='word_1_242' title='bbox 455 1588 526 1641; x_wconf 86' lang='lat'>25,</span> <span class='ocrx_word' id='word_1_243' title='bbox 548 1588 622 1631; x_wconf 84' lang='lat'>31..</span> <span class='ocrx_word' id='word_1_244' title='bbox 643 1603 712 1645; x_wconf 82' lang='lat' dir='ltr'>sq.</span> <span class='ocrx_word' id='word_1_245' title='bbox 742 1588 933 1631; x_wconf 75' lang='lat' dir='ltr'>nondum</span> <span class='ocrx_word' id='word_1_246' title='bbox 966 1588 1020 1630; x_wconf 83' lang='lat' dir='ltr'>de</span> <span class='ocrx_word' id='word_1_247' title='bbox 1048 1589 1169 1631; x_wconf 84' lang='lat' dir='ltr'>coelo</span> <span class='ocrx_word' id='word_1_248' title='bbox 1189 1595 1437 1636; x_wconf 80' lang='lat' dir='ltr'>reverterat</span> <span class='ocrx_word' id='word_1_249' title='bbox 1465 1597 1531 1650; x_wconf 79' lang='lat' dir='ltr'>(v.</span> 
     </span>
    </p>

    <p class='ocr_par' dir='ltr' id='par_1_15' title="bbox 61 1644 1529 1704">
     <span class='ocr_line' id='line_1_27' title="bbox 61 1644 1529 1704; baseline 0.003 -14"><span class='ocrx_word' id='word_1_250' title='bbox 61 1660 104 1691; x_wconf 87' lang='lat' dir='ltr'>v.</span> <span class='ocrx_word' id='word_1_251' title='bbox 125 1646 194 1698; x_wconf 90' lang='grc'>17,</span> <span class='ocrx_word' id='word_1_252' title='bbox 214 1646 318 1699; x_wconf 84' lang='grc'><strong>19.).</strong></span> <span class='ocrx_word' id='word_1_253' title='bbox 388 1644 477 1688; x_wconf 86' lang='lat' dir='ltr'>Sed</span> <span class='ocrx_word' id='word_1_254' title='bbox 505 1646 740 1688; x_wconf 88' lang='lat' dir='ltr'>solemnem</span> <span class='ocrx_word' id='word_1_255' title='bbox 764 1646 792 1691; x_wconf 85' lang='lat' dir='ltr'>J</span> <span class='ocrx_word' id='word_1_256' title='bbox 796 1645 948 1688; x_wconf 83' lang='lat' dir='ltr'>udaeis</span> <span class='ocrx_word' id='word_1_257' title='bbox 968 1645 1159 1688; x_wconf 86' lang='lat' dir='ltr'>Messiae</span> <span class='ocrx_word' id='word_1_258' title='bbox 1185 1648 1529 1704; x_wconf 80' lang='lat' dir='ltr'>appellationem</span> 
     </span>
    </p>

    <p class='ocr_par' dir='ltr' id='par_1_16' title="bbox 79 1697 1532 1764">
     <span class='ocr_line' id='line_1_28' title="bbox 79 1697 1532 1764; baseline 0.003 -19"><span class='ocrx_word' id='word_1_259' title='bbox 79 1707 219 1759; x_wconf 53' lang='lat' dir='ltr'>&amp;nm-³3³</span> <span class='ocrx_word' id='word_1_260' title='bbox 239 1713 380 1761; x_wconf 54' lang='grc' dir='ltr'>ῦῑξζτ,</span> <span class='ocrx_word' id='word_1_261' title='bbox 407 1697 431 1744; x_wconf 83' lang='grc' dir='ltr'><em>ὃ</em></span> <span class='ocrx_word' id='word_1_262' title='bbox 457 1700 630 1753; x_wconf 73' lang='grc' dir='ltr'><em>μέλλων</em></span> <span class='ocrx_word' id='word_1_263' title='bbox 646 1700 806 1757; x_wconf 78' lang='grc' dir='ltr'>Ἀδάμ,</span> <span class='ocrx_word' id='word_1_264' title='bbox 836 1703 1031 1745; x_wconf 73' lang='lat' dir='ltr'>Adamas</span> <span class='ocrx_word' id='word_1_265' title='bbox 1058 1704 1312 1747; x_wconf 64' lang='lat' dir='ltr'>novissimas</span> <span class='ocrx_word' id='word_1_266' title='bbox 1330 1705 1532 1764; x_wconf 77' lang='lat' dir='ltr'>Aposto-</span> 
     </span>
    </p>

    <p class='ocr_par' dir='ltr' id='par_1_17' title="bbox 57 1715 1531 1818">
     <span class='ocr_line' id='line_1_29' title="bbox 57 1715 1531 1818; baseline 0.003 -15"><span class='ocrx_word' id='word_1_267' title='bbox 57 1715 78 1803; x_wconf 81' lang='grc'><strong>1</strong></span> <span class='ocrx_word' id='word_1_268' title='bbox 154 1754 159 1760; x_wconf 71' lang='grc'><strong>’</strong></span> <span class='ocrx_word' id='word_1_269' title='bbox 182 1758 235 1802; x_wconf 91' lang='lat' dir='ltr'>de</span> <span class='ocrx_word' id='word_1_270' title='bbox 254 1759 420 1801; x_wconf 86' lang='lat' dir='ltr'>Messia</span> <span class='ocrx_word' id='word_1_271' title='bbox 452 1758 497 1800; x_wconf 91' lang='lat' dir='ltr'>in</span> <span class='ocrx_word' id='word_1_272' title='bbox 525 1757 712 1801; x_wconf 90' lang='lat' dir='ltr'>medium</span> <span class='ocrx_word' id='word_1_273' title='bbox 729 1760 817 1818; x_wconf 84' lang='lat' dir='ltr'>jam</span> <span class='ocrx_word' id='word_1_274' title='bbox 840 1774 1076 1817; x_wconf 77' lang='lat' dir='ltr'>progresso</span> <span class='ocrx_word' id='word_1_275' title='bbox 1098 1760 1363 1813; x_wconf 87' lang='lat' dir='ltr'>retinuisse,</span> <span class='ocrx_word' id='word_1_276' title='bbox 1392 1765 1531 1807; x_wconf 89' lang='lat' dir='ltr'>multo</span> 
     </span>
    </p>

    <p class='ocr_par' dir='ltr' id='par_1_18' title="bbox 59 1815 1530 1873">
     <span class='ocr_line' id='line_1_30' title="bbox 59 1815 1530 1873; baseline 0.003 -14"><span class='ocrx_word' id='word_1_277' title='bbox 59 1831 83 1859; x_wconf 87' lang='lat' dir='ltr'>e</span> <span class='ocrx_word' id='word_1_278' title='bbox 109 1821 130 1859; x_wconf 84' lang='lat' dir='ltr'>t</span> <span class='ocrx_word' id='word_1_279' title='bbox 147 1815 460 1860; x_wconf 67' lang='lat' dir='ltr'>verisimilius.</span> <span class='ocrx_word' id='word_1_280' title='bbox 510 1816 636 1871; x_wconf 75' lang='lat' dir='ltr'>Quae</span> <span class='ocrx_word' id='word_1_281' title='bbox 659 1831 790 1873; x_wconf 81' lang='lat' dir='ltr'>quum</span> <span class='ocrx_word' id='word_1_282' title='bbox 808 1818 869 1858; x_wconf 83' lang='lat' dir='ltr'>ita</span> <span class='ocrx_word' id='word_1_283' title='bbox 893 1818 983 1858; x_wconf 79' lang='lat' dir='ltr'>sint</span> <span class='ocrx_word' id='word_1_284' title='bbox 1014 1831 1153 1872; x_wconf 83' lang='lat' dir='ltr'>neque</span> <span class='ocrx_word' id='word_1_285' title='bbox 1180 1819 1260 1860; x_wconf 83' lang='grc' dir='ltr'>τοῦ</span> <span class='ocrx_word' id='word_1_286' title='bbox 1288 1818 1530 1871; x_wconf 72' lang='grc' dir='ltr'><em>μέλλοντος</em></span> 
     </span>
    </p>

    <p class='ocr_par' dir='ltr' id='par_1_19' title="bbox 58 1873 1528 1927">
     <span class='ocr_line' id='line_1_31' title="bbox 58 1873 1528 1927; baseline 0.002 -11"><span class='ocrx_word' id='word_1_287' title='bbox 58 1873 281 1917; x_wconf 80' lang='lat' dir='ltr'>Neutrum</span> <span class='ocrx_word' id='word_1_288' title='bbox 316 1873 654 1915; x_wconf 83' lang='lat' dir='ltr'>existimandum</span> <span class='ocrx_word' id='word_1_289' title='bbox 681 1878 750 1914; x_wconf 90' lang='lat' dir='ltr'>cst</span> <span class='ocrx_word' id='word_1_290' title='bbox 795 1876 842 1927; x_wconf 86' lang='lat'>(1</span> <span class='ocrx_word' id='word_1_291' title='bbox 860 1874 981 1916; x_wconf 87' lang='lat' dir='ltr'>Tim.</span> <span class='ocrx_word' id='word_1_292' title='bbox 1001 1875 1053 1925; x_wconf 84' lang='lat'>6,</span> <span class='ocrx_word' id='word_1_293' title='bbox 1087 1874 1201 1927; x_wconf 80' lang='lat'><strong>19.),</strong></span> <span class='ocrx_word' id='word_1_294' title='bbox 1248 1879 1299 1915; x_wconf 88' lang='lat' dir='ltr'>ut</span> <span class='ocrx_word' id='word_1_295' title='bbox 1323 1875 1528 1919; x_wconf 78' lang='lat' dir='ltr'>Adamas</span> 
     </span>
    </p>

    <p class='ocr_par' dir='ltr' id='par_1_20' title="bbox 58 1927 1526 1987">
     <span class='ocr_line' id='line_1_32' title="bbox 58 1927 1526 1987; baseline 0.004 -16"><span class='ocrx_word' id='word_1_296' title='bbox 58 1929 203 1987; x_wconf 75' lang='lat' dir='ltr'>futuri.</span> <span class='ocrx_word' id='word_1_297' title='bbox 216 1929 418 1982; x_wconf 76' lang='lat' dir='ltr'>temporis</span> <span class='ocrx_word' id='word_1_298' title='bbox 435 1929 578 1982; x_wconf 83' lang='lat' dir='ltr'>imago</span> <span class='ocrx_word' id='word_1_299' title='bbox 603 1927 775 1971; x_wconf 83' lang='lat' dir='ltr'>dicatur</span> <span class='ocrx_word' id='word_1_300' title='bbox 804 1930 1102 1984; x_wconf 43' lang='lat' dir='ltr'>(lambam),</span> <span class='ocrx_word' id='word_1_301' title='bbox 1131 1935 1175 1971; x_wconf 84' lang='lat' dir='ltr'>et</span> <span class='ocrx_word' id='word_1_302' title='bbox 1202 1935 1402 1974; x_wconf 85' lang='lat' dir='ltr'>contorta</span> <span class='ocrx_word' id='word_1_303' title='bbox 1427 1934 1526 1978; x_wconf 76' lang='lat' dir='ltr'>Chr.</span> 
     </span>
    </p>

    <p class='ocr_par' dir='ltr' id='par_1_21' title="bbox 59 1985 1526 2043">
     <span class='ocr_line' id='line_1_33' title="bbox 59 1985 1526 2043; baseline 0.001 -15"><span class='ocrx_word' id='word_1_304' title='bbox 59 1985 364 2028; x_wconf 73' lang='lat' dir='ltr'>Er.Sclemidii</span> <span class='ocrx_word' id='word_1_305' title='bbox 402 1985 710 2041; x_wconf 80' lang='lat' dir='ltr'>interpretatio</span> <span class='ocrx_word' id='word_1_306' title='bbox 749 2000 801 2028; x_wconf 89' lang='lat' dir='ltr'>eo</span> <span class='ocrx_word' id='word_1_307' title='bbox 841 1986 980 2039; x_wconf 78' lang='lat' dir='ltr'>inagis</span> <span class='ocrx_word' id='word_1_308' title='bbox 1019 1985 1294 2043; x_wconf 82' lang='lat' dir='ltr'>repudianda</span> <span class='ocrx_word' id='word_1_309' title='bbox 1322 1993 1407 2033; x_wconf 81' lang='lat' dir='ltr'>est.</span> <span class='ocrx_word' id='word_1_310' title='bbox 1476 1989 1526 2032; x_wconf 83' lang='lat' dir='ltr'>ls</span> 
     </span>
    </p>

    <p class='ocr_par' dir='ltr' id='par_1_22' title="bbox 57 2040 1525 2103">
     <span class='ocr_line' id='line_1_34' title="bbox 57 2040 1525 2103; baseline 0.003 -19"><span class='ocrx_word' id='word_1_311' title='bbox 57 2040 309 2085; x_wconf 88' lang='lat' dir='ltr'>Pronomen</span> <span class='ocrx_word' id='word_1_312' title='bbox 335 2041 570 2083; x_wconf 78' lang='lat' dir='ltr'>relativum</span> <span class='ocrx_word' id='word_1_313' title='bbox 601 2042 625 2083; x_wconf 76' lang='grc' dir='ltr'>ὅ</span> <span class='ocrx_word' id='word_1_314' title='bbox 654 2041 710 2083; x_wconf 83' lang='lat' dir='ltr'>ad</span> <span class='ocrx_word' id='word_1_315' title='bbox 736 2042 1066 2100; x_wconf 81' lang='lat' dir='ltr'>praecedentem</span> <span class='ocrx_word' id='word_1_316' title='bbox 1096 2044 1359 2086; x_wconf 83' lang='lat' dir='ltr'>sententiam</span> <span class='ocrx_word' id='word_1_317' title='bbox 1389 2047 1525 2103; x_wconf 88' lang='lat' dir='ltr'>perti-</span> 
     </span>
    </p>

    <p class='ocr_par' dir='ltr' id='par_1_23' title="bbox 60 2095 1526 2158">
     <span class='ocr_line' id='line_1_35' title="bbox 60 2095 1526 2158; baseline 0.004 -18"><span class='ocrx_word' id='word_1_318' title='bbox 60 2113 170 2140; x_wconf 89' lang='lat' dir='ltr'>nens</span> <span class='ocrx_word' id='word_1_319' title='bbox 195 2095 243 2154; x_wconf 79' lang='grc' dir='ltr'>(ὅ</span> <span class='ocrx_word' id='word_1_320' title='bbox 268 2096 365 2140; x_wconf 89' lang='lat' dir='ltr'>scil.</span> <span class='ocrx_word' id='word_1_321' title='bbox 398 2095 468 2139; x_wconf 71' lang='grc' dir='ltr'>ὅτι</span> <span class='ocrx_word' id='word_1_322' title='bbox 498 2095 782 2149; x_wconf 69' lang='grc' dir='ltr'><strong><em>ἐβασίλευσεν</em></strong></span> <span class='ocrx_word' id='word_1_323' title='bbox 808 2097 831 2141; x_wconf 74' lang='grc' dir='ltr'><em>ὃ</em></span> <span class='ocrx_word' id='word_1_324' title='bbox 869 2095 1069 2148; x_wconf 76' lang='grc' dir='ltr'><em>Θάνατος</em></span> <span class='ocrx_word' id='word_1_325' title='bbox 1086 2116 1120 2141; x_wconf 80' lang='grc' dir='ltr'>κ.</span> <span class='ocrx_word' id='word_1_326' title='bbox 1133 2115 1173 2144; x_wconf 84' lang='grc' dir='ltr'>τ.</span> <span class='ocrx_word' id='word_1_327' title='bbox 1188 2100 1251 2151; x_wconf 82' lang='grc' dir='ltr'>λ.)</span> <span class='ocrx_word' id='word_1_328' title='bbox 1281 2115 1362 2158; x_wconf 88' lang='lat' dir='ltr'>per</span> <span class='ocrx_word' id='word_1_329' title='bbox 1385 2107 1526 2146; x_wconf 76' lang='lat' dir='ltr'>attra-</span> 
     </span>
    </p>

    <p class='ocr_par' dir='ltr' id='par_1_24' title="bbox 57 2152 1524 2213">
     <span class='ocr_line' id='line_1_36' title="bbox 57 2152 1524 2213; baseline 0.001 -15"><span class='ocrx_word' id='word_1_330' title='bbox 57 2156 244 2198; x_wconf 87' lang='lat' dir='ltr'>ctionem</span> <span class='ocrx_word' id='word_1_331' title='bbox 264 2153 319 2196; x_wconf 89' lang='lat' dir='ltr'>ad</span> <span class='ocrx_word' id='word_1_332' title='bbox 338 2153 670 2197; x_wconf 74' lang='lat' dir='ltr'>substantivum</span> <span class='ocrx_word' id='word_1_333' title='bbox 689 2152 830 2206; x_wconf 74' lang='grc' dir='ltr'><em>τύπος</em></span> <span class='ocrx_word' id='word_1_334' title='bbox 847 2155 962 2213; x_wconf 89' lang='lat' dir='ltr'>quod</span> <span class='ocrx_word' id='word_1_335' title='bbox 983 2157 1185 2211; x_wconf 84' lang='lat' dir='ltr'>sequitur</span> <span class='ocrx_word' id='word_1_336' title='bbox 1213 2155 1285 2213; x_wconf 76' lang='grc' dir='ltr'>(ὅς</span> <span class='ocrx_word' id='word_1_337' title='bbox 1305 2155 1401 2201; x_wconf 73' lang='grc' dir='ltr'>ἐστι</span> <span class='ocrx_word' id='word_1_338' title='bbox 1431 2176 1457 2201; x_wconf 80' lang='grc' dir='ltr'><strong>τ</strong></span> <span class='ocrx_word' id='word_1_339' title='bbox 1471 2160 1524 2202; x_wconf 80' lang='grc' dir='ltr'>ύ-</span> 
     </span>
    </p>

    <p class='ocr_par' dir='ltr' id='par_1_25' title="bbox 57 2210 1525 2271">
     <span class='ocr_line' id='line_1_37' title="bbox 57 2210 1525 2271; baseline 0.004 -17"><span class='ocrx_word' id='word_1_340' title='bbox 57 2227 126 2254; x_wconf 83' lang='grc' dir='ltr'>πο</span> <span class='ocrx_word' id='word_1_341' title='bbox 140 2214 189 2266; x_wconf 85' lang='grc' dir='ltr'>ς)</span> <span class='ocrx_word' id='word_1_342' title='bbox 219 2210 586 2253; x_wconf 79' lang='lat' dir='ltr'>accommodatum</span> <span class='ocrx_word' id='word_1_343' title='bbox 604 2226 702 2254; x_wconf 87' lang='lat' dir='ltr'>esse</span> <span class='ocrx_word' id='word_1_344' title='bbox 724 2218 849 2269; x_wconf 85' lang='lat' dir='ltr'>putat</span> <span class='ocrx_word' id='word_1_345' title='bbox 878 2212 1038 2268; x_wconf 79' lang='lat' dir='ltr'>(Marc.</span> <span class='ocrx_word' id='word_1_346' title='bbox 1061 2213 1128 2266; x_wconf 86' lang='lat'>15,</span> <span class='ocrx_word' id='word_1_347' title='bbox 1150 2215 1219 2257; x_wconf 89' lang='lat'>16.</span> <span class='ocrx_word' id='word_1_348' title='bbox 1252 2214 1409 2269; x_wconf 80' lang='lat' dir='ltr'>Gal.3‚</span> <span class='ocrx_word' id='word_1_349' title='bbox 1432 2219 1525 2271; x_wconf 87' lang='lat'><strong>16.)</strong></span> 
     </span>
    </p>

    <p class='ocr_par' dir='ltr' id='par_1_26' title="bbox 57 2268 1521 2329">
     <span class='ocr_line' id='line_1_38' title="bbox 57 2268 1521 2329; baseline 0.004 -19"><span class='ocrx_word' id='word_1_350' title='bbox 57 2268 102 2312; x_wconf 85' lang='lat' dir='ltr'>h.</span> <span class='ocrx_word' id='word_1_351' title='bbox 124 2283 185 2312; x_wconf 74' lang='lat' dir='ltr'>s-:</span> <span class='ocrx_word' id='word_1_352' title='bbox 212 2268 258 2310; x_wconf 90' lang='lat' dir='ltr'>in</span> <span class='ocrx_word' id='word_1_353' title='bbox 278 2268 363 2324; x_wconf 63' lang='lat' dir='ltr'>qua</span> <span class='ocrx_word' id='word_1_354' title='bbox 382 2269 537 2310; x_wconf 88' lang='lat' dir='ltr'>mortis</span> <span class='ocrx_word' id='word_1_355' title='bbox 557 2269 603 2310; x_wconf 89' lang='lat' dir='ltr'>in</span> <span class='ocrx_word' id='word_1_356' title='bbox 625 2284 774 2311; x_wconf 88' lang='lat' dir='ltr'>omnes</span> <span class='ocrx_word' id='word_1_357' title='bbox 795 2270 990 2312; x_wconf 85' lang='lat' dir='ltr'>homines</span> <span class='ocrx_word' id='word_1_358' title='bbox 1008 2285 1089 2327; x_wconf 88' lang='lat' dir='ltr'>per</span> <span class='ocrx_word' id='word_1_359' title='bbox 1106 2270 1274 2313; x_wconf 80' lang='lat' dir='ltr'>Adami</span> <span class='ocrx_word' id='word_1_360' title='bbox 1296 2278 1521 2329; x_wconf 86' lang='lat' dir='ltr'>peccatum</span> 
     </span>
    </p>

    <p class='ocr_par' dir='ltr' id='par_1_27' title="bbox 57 2325 1521 2388">
     <span class='ocr_line' id='line_1_39' title="bbox 57 2325 1521 2388; baseline 0.005 -22"><span class='ocrx_word' id='word_1_361' title='bbox 57 2325 374 2382; x_wconf 83' lang='lat' dir='ltr'>propagatione</span> <span class='ocrx_word' id='word_1_362' title='bbox 402 2325 546 2381; x_wconf 85' lang='lat' dir='ltr'>imago</span> <span class='ocrx_word' id='word_1_363' title='bbox 571 2330 642 2368; x_wconf 88' lang='lat' dir='ltr'>est</span> <span class='ocrx_word' id='word_1_364' title='bbox 667 2326 733 2368; x_wconf 85' lang='lat' dir='ltr'>rei</span> <span class='ocrx_word' id='word_1_365' title='bbox 760 2327 934 2369; x_wconf 84' lang='lat' dir='ltr'>futurae</span> <span class='ocrx_word' id='word_1_366' title='bbox 962 2326 992 2370; x_wconf 86' lang='lat' dir='ltr'>i.</span> <span class='ocrx_word' id='word_1_367' title='bbox 1014 2342 1053 2370; x_wconf 86' lang='lat' dir='ltr'>c.</span> <span class='ocrx_word' id='word_1_368' title='bbox 1072 2328 1189 2370; x_wconf 85' lang='lat' dir='ltr'>vitae</span> <span class='ocrx_word' id='word_1_369' title='bbox 1210 2329 1411 2372; x_wconf 88' lang='lat' dir='ltr'>omnibus</span> <span class='ocrx_word' id='word_1_370' title='bbox 1441 2346 1521 2388; x_wconf 87' lang='lat' dir='ltr'>per</span> 
     </span>
    </p>

    <p class='ocr_par' dir='ltr' id='par_1_28' title="bbox 57 2381 1518 2439">
     <span class='ocr_line' id='line_1_40' title="bbox 57 2381 1518 2439; baseline 0.003 -14"><span class='ocrx_word' id='word_1_371' title='bbox 57 2381 284 2426; x_wconf 83' lang='lat' dir='ltr'>Christum</span> <span class='ocrx_word' id='word_1_372' title='bbox 312 2387 613 2439; x_wconf 84' lang='lat' dir='ltr'>recuperatae.</span> <span class='ocrx_word' id='word_1_373' title='bbox 668 2384 738 2426; x_wconf 85' lang='lat' dir='ltr'>At</span> <span class='ocrx_word' id='word_1_374' title='bbox 767 2384 872 2427; x_wconf 86' lang='lat' dir='ltr'>haec</span> <span class='ocrx_word' id='word_1_375' title='bbox 905 2385 1133 2437; x_wconf 83' lang='lat' dir='ltr'>attractio,</span> <span class='ocrx_word' id='word_1_376' title='bbox 1170 2399 1225 2427; x_wconf 87' lang='lat' dir='ltr'>ne</span> <span class='ocrx_word' id='word_1_377' title='bbox 1255 2389 1518 2430; x_wconf 85' lang='lat' dir='ltr'>sententiam</span> 
     </span>
    </p>

    <p class='ocr_par' dir='ltr' id='par_1_29' title="bbox 57 2438 1519 2554">
     <span class='ocr_line' id='line_1_41' title="bbox 57 2438 1519 2503; baseline 0.003 -21"><span class='ocrx_word' id='word_1_378' title='bbox 57 2438 113 2482; x_wconf 82' lang='lat' dir='ltr'>ad</span> <span class='ocrx_word' id='word_1_379' title='bbox 131 2440 224 2496; x_wconf 77' lang='lat' dir='ltr'>Ap.</span> <span class='ocrx_word' id='word_1_380' title='bbox 255 2438 596 2496; x_wconf 87' lang='lat' dir='ltr'>disputationem</span> <span class='ocrx_word' id='word_1_381' title='bbox 623 2454 778 2497; x_wconf 83' lang='lat' dir='ltr'>parum</span> <span class='ocrx_word' id='word_1_382' title='bbox 798 2440 1064 2498; x_wconf 86' lang='lat' dir='ltr'>respondere</span> <span class='ocrx_word' id='word_1_383' title='bbox 1081 2456 1294 2495; x_wconf 87' lang='lat' dir='ltr'>moneam,</span> <span class='ocrx_word' id='word_1_384' title='bbox 1324 2444 1394 2486; x_wconf 75' lang='lat' dir='ltr'>vel</span> <span class='ocrx_word' id='word_1_385' title='bbox 1414 2459 1519 2503; x_wconf 89' lang='lat' dir='ltr'>pro-</span> 
     </span>
     <span class='ocr_line' id='line_1_42' title="bbox 89 2495 1517 2554; baseline 0.005 -16"><span class='ocrx_word' id='word_1_386' title='bbox 89 2501 156 2538; x_wconf 88' lang='lat' dir='ltr'>ter</span> <span class='ocrx_word' id='word_1_387' title='bbox 181 2510 221 2539; x_wconf 75' lang='lat' dir='ltr'>v,</span> <span class='ocrx_word' id='word_1_388' title='bbox 256 2496 454 2553; x_wconf 80' lang='lat' dir='ltr'>proxime</span> <span class='ocrx_word' id='word_1_389' title='bbox 483 2496 749 2553; x_wconf 83' lang='lat' dir='ltr'>praecedens</span> <span class='ocrx_word' id='word_1_390' title='bbox 776 2495 917 2551; x_wconf 75' lang='grc' dir='ltr'>Ἀδάμ</span> <span class='ocrx_word' id='word_1_391' title='bbox 959 2498 1253 2540; x_wconf 84' lang='lat' dir='ltr'>intolerabilis</span> <span class='ocrx_word' id='word_1_392' title='bbox 1289 2505 1380 2554; x_wconf 83' lang='lat' dir='ltr'>est,</span> <span class='ocrx_word' id='word_1_393' title='bbox 1427 2502 1517 2545; x_wconf 82' lang='lat' dir='ltr'>nisi</span> 
     </span>
    </p>

    <p class='ocr_par' dir='ltr' id='par_1_30' title="bbox 54 2511 1517 2616">
     <span class='ocr_line' id='line_1_43' title="bbox 54 2511 1517 2616; baseline 0.006 -22"><span class='ocrx_word' id='word_1_394' title='bbox 54 2511 170 2595; x_wconf 56' lang='lat' dir='ltr'>forte</span> <span class='ocrx_word' id='word_1_395' title='bbox 196 2551 249 2597; x_wconf 88' lang='lat' dir='ltr'>P.</span> <span class='ocrx_word' id='word_1_396' title='bbox 282 2552 608 2606; x_wconf 79' lang='lat' dir='ltr'>ambiguitatem</span> <span class='ocrx_word' id='word_1_397' title='bbox 648 2558 849 2610; x_wconf 85' lang='lat' dir='ltr'>captasse</span> <span class='ocrx_word' id='word_1_398' title='bbox 888 2555 1090 2598; x_wconf 79' lang='lat' dir='ltr'>finxeris,</span> <span class='ocrx_word' id='word_1_399' title='bbox 1166 2556 1334 2610; x_wconf 69' lang='lat' dir='ltr'>Calon„</span> <span class='ocrx_word' id='word_1_400' title='bbox 1370 2557 1517 2616; x_wconf 70' lang='lat' dir='ltr'>JVoIfi,</span> 
     </span>
    </p>

    <p class='ocr_par' dir='ltr' id='par_1_31' title="bbox 55 2606 1515 2664">
     <span class='ocr_line' id='line_1_44' title="bbox 55 2606 1515 2664; baseline 0.005 -13"><span class='ocrx_word' id='word_1_401' title='bbox 55 2610 214 2664; x_wconf 76' lang='lat' dir='ltr'>Jaspis.</span> <span class='ocrx_word' id='word_1_402' title='bbox 245 2610 306 2652; x_wconf 86' lang='lat' dir='ltr'>al.</span> <span class='ocrx_word' id='word_1_403' title='bbox 337 2606 477 2650; x_wconf 79' lang='grc' dir='ltr'><em>τύπον</em></span> <span class='ocrx_word' id='word_1_404' title='bbox 513 2610 831 2652; x_wconf 73' lang='lat' dir='ltr'>similitudinem</span> <span class='ocrx_word' id='word_1_405' title='bbox 866 2615 1073 2653; x_wconf 81' lang='lat' dir='ltr'>enarrant</span> <span class='ocrx_word' id='word_1_406' title='bbox 1111 2618 1262 2654; x_wconf 82' lang='lat' dir='ltr'>contra</span> <span class='ocrx_word' id='word_1_407' title='bbox 1295 2629 1420 2657; x_wconf 86' lang='lat' dir='ltr'>usum</span> <span class='ocrx_word' id='word_1_408' title='bbox 1448 2617 1515 2658; x_wconf 91' lang='lat' dir='ltr'>lo-</span> 
     </span>
    </p>

    <p class='ocr_par' dir='ltr' id='par_1_32' title="bbox 56 2663 1513 2723">
     <span class='ocr_line' id='line_1_45' title="bbox 56 2663 1513 2723; baseline 0.005 -15"><span class='ocrx_word' id='word_1_409' title='bbox 56 2666 233 2722; x_wconf 82' lang='lat' dir='ltr'>quendi.</span> <span class='ocrx_word' id='word_1_410' title='bbox 293 2664 450 2708; x_wconf 89' lang='lat' dir='ltr'>Potest</span> <span class='ocrx_word' id='word_1_411' title='bbox 476 2666 632 2719; x_wconf 88' lang='lat' dir='ltr'>rebus,</span> <span class='ocrx_word' id='word_1_412' title='bbox 662 2681 772 2722; x_wconf 85' lang='lat' dir='ltr'>quas</span> <span class='ocrx_word' id='word_1_413' title='bbox 801 2663 968 2717; x_wconf 76' lang='grc' dir='ltr'><strong><em>τύπους</em></strong></span> <span class='ocrx_word' id='word_1_414' title='bbox 997 2672 1115 2711; x_wconf 88' lang='lat' dir='ltr'>recte</span> <span class='ocrx_word' id='word_1_415' title='bbox 1143 2683 1294 2723; x_wconf 63' lang='lat' dir='ltr'>voces»,</span> <span class='ocrx_word' id='word_1_416' title='bbox 1325 2673 1513 2714; x_wconf 85' lang='lat' dir='ltr'>aliarum</span> 
     </span>
    </p>

    <p class='ocr_par' dir='ltr' id='par_1_33' title="bbox 55 2721 1512 2779">
     <span class='ocr_line' id='line_1_46' title="bbox 55 2721 1512 2779; baseline 0.003 -16"><span class='ocrx_word' id='word_1_417' title='bbox 55 2735 203 2775; x_wconf 78' lang='lat' dir='ltr'>rerum</span> <span class='ocrx_word' id='word_1_418' title='bbox 234 2721 478 2765; x_wconf 86' lang='lat' dir='ltr'>similitudo</span> <span class='ocrx_word' id='word_1_419' title='bbox 506 2723 674 2773; x_wconf 85' lang='lat' dir='ltr'>inesse,</span> <span class='ocrx_word' id='word_1_420' title='bbox 720 2727 767 2764; x_wconf 89' lang='lat' dir='ltr'>ut</span> <span class='ocrx_word' id='word_1_421' title='bbox 795 2723 1042 2766; x_wconf 79' lang='lat' dir='ltr'>simulacris</span> <span class='ocrx_word' id='word_1_422' title='bbox 1062 2726 1167 2770; x_wconf 84' lang='lat' dir='ltr'>Act.</span> <span class='ocrx_word' id='word_1_423' title='bbox 1189 2728 1230 2779; x_wconf 88' lang='lat'>7,</span> <span class='ocrx_word' id='word_1_424' title='bbox 1249 2728 1322 2773; x_wconf 78' lang='lat'>43.</span> <span class='ocrx_word' id='word_1_425' title='bbox 1349 2734 1395 2771; x_wconf 83' lang='lat' dir='ltr'>et</span> <span class='ocrx_word' id='word_1_426' title='bbox 1423 2730 1512 2769; x_wconf 80' lang='lat' dir='ltr'>cla-</span> 
     </span>
    </p>
   </div>
   <div class='ocr_carea' id='block_1_5' title="bbox 56 2778 1510 2840">
    <p class='ocr_par' dir='ltr' id='par_1_34' title="bbox 56 2778 1510 2840">
     <span class='ocr_line' id='line_1_47' title="bbox 56 2778 1510 2840; baseline 0.005 -21"><span class='ocrx_word' id='word_1_427' title='bbox 56 2792 206 2822; x_wconf 69' lang='lat' dir='ltr'>vorum</span> <span class='ocrx_word' id='word_1_428' title='bbox 230 2779 430 2837; x_wconf 79' lang='lat' dir='ltr'>vestigiis</span> <span class='ocrx_word' id='word_1_429' title='bbox 453 2779 554 2828; x_wconf 83' lang='lat' dir='ltr'>Joh.</span> <span class='ocrx_word' id='word_1_430' title='bbox 573 2781 644 2835; x_wconf 83' lang='lat'>20,</span> <span class='ocrx_word' id='word_1_431' title='bbox 662 2779 757 2835; x_wconf 65' lang='lat'>25„</span> <span class='ocrx_word' id='word_1_432' title='bbox 797 2779 873 2824; x_wconf 83' lang='lat' dir='ltr'>sed</span> <span class='ocrx_word' id='word_1_433' title='bbox 901 2795 994 2830; x_wconf 77' lang='lat' dir='ltr'>voc.</span> <span class='ocrx_word' id='word_1_434' title='bbox 1026 2778 1163 2828; x_wconf 74' lang='grc' dir='ltr'><em>τύπου</em></span> <span class='ocrx_word' id='word_1_435' title='bbox 1191 2784 1330 2840; x_wconf 72' lang='lat' dir='ltr'>ipsum</span> <span class='ocrx_word' id='word_1_436' title='bbox 1358 2785 1510 2829; x_wconf 70' lang='lat' dir='ltr'>simili-</span> 
     </span>
    </p>
   </div>
  </div>
 </body>
</html>
