1752 3347
186 168 272 216 174
468 165 847 210 EpisTffl.A
882 164 1380 211 ADROMANOS

186 274 229 316 5.
257 297 311 304 -
330 271 397 330 8.)
416 288 511 317 vere
542 287 608 314 me
635 285 769 326 supra
795 269 987 324 ctrym‘sse
1017 268 1119 312 libri
1147 283 1185 313 3.
1210 273 1441 316 testantur.
1502 273 1560 318 V.
1587 275 1659 318 10.

186 328 352 371 Vocem
382 327 474 377 ὅτι,
518 342 629 386 quae
661 328 786 370 deest
825 327 869 367 in
898 325 973 370 32.
1000 325 1071 368 57.
1096 324 1177 369 Mt.
1205 339 1247 368 a.
1276 340 1315 369 c.
1343 326 1387 370 h.
1417 329 1504 382 aL,
1547 332 1660 372 male

185 384 405 429 damnavit
424 386 549 428 Mill.
573 386 689 442 prol.
721 386 763 437 §.
794 383 940 426 1204..
1004 380 1120 423 Nam
1151 383 1396 424 omiserunt
1427 398 1545 439 eam,
1584 388 1661 444 qui

185 441 287 485 inde
305 457 328 484 a
347 457 388 485 v.
414 444 482 485 10.
504 443 563 485 V.
586 441 645 485 T.
666 440 800 483 verba
820 439 969 481 afferri
996 444 1232 496 putarunt,
1271 444 1320 481 ut
1349 441 1545 483 voculam
1576 457 1662 485 non

185 498 496 542 necessariam.
557 497 702 554 Quam
729 496 993 539 sententiam
1023 495 1099 552 qui
1126 495 1377 562 probaverit
1404 498 1444 539 ei
1474 496 1660 541 Paulum

185 569 226 599 v.
250 554 328 598 Ps.
349 555 419 608 14,
433 557 472 598 1.
491 563 685 607 min-nimy
703 568 764 609 ῑίχς
786 553 925 595 libere
947 558 1240 597 convertisse:
1277 550 1354 595 οἰκ
1377 550 1473 596 ἔστι
1493 553 1665 605 ὸίκαιος

185 609 316 654 οὐδὲ
345 604 425 660 εἷς
444 610 671 653 dicendum
691 616 774 653 est.
835 609 966 666 Quod
987 610 1091 651 mihi
1119 625 1273 667 parum
1301 609 1515 653 credibile
1543 610 1664 654 vide-

186 672 262 710 tur
280 674 528 726 propterea,
582 668 754 709 uoniam
777 665 828 711 P.
852 682 961 724 quae
974 666 1035 711 V.
1049 666 1106 710 T.
1123 669 1154 711 l.
1174 667 1325 709 citaxit
1346 681 1386 711 v·
1413 670 1481 712 11.
1501 694 1557 699 —
1578 668 1667 720 18.,

184 739 238 766 ea
307 726 426 767 aullo
464 726 541 781 qui
575 740 640 767 em
677 723 888 788 liberiu3‚
938 723 1017 766 sed
1058 725 1116 766 ita
1147 730 1291 767 tamen
1320 725 1579 781 plerumque
1607 739 1662 767 ex

183 781 272 824 LX
324 814 336 825 .
365 782 537 835 hausit,
571 789 627 824 'ut
657 781 787 823 huus
816 781 1126 823 translationis
1154 782 1284 823 verba
1311 787 1354 822 et
1379 783 1666 838 loquutiones

183 839 414 883 retineret.
469 839 617 897 Atqui
633 838 678 881 L‘
726 839 787 882 X.
807 837 885 882 Ps.
911 839 1034 891 14‚1.
1057 852 1098 882 V.
1124 849 1190 880 :n'm
1221 847 1308 880 nim)
1336 852 1396 891 m}
1427 839 1485 880 ita
1517 838 1664 880 reddi-

187 895 371 939 derunt:
401 891 479 938 οὐκ
501 894 597 938 ἔστι
627 897 807 937 ποιῶν
829 895 1194 963 χρηστότητα.
1252 893 1368 935 Nam
1395 910 1506 952 quae
1533 896 1666 950 vulgo

185 952 251 995 ibi
271 951 440 1012 adjecta
459 953 668 1007 leguntur
685 967 803 995 vocc.
825 949 904 994 οὐκ
924 949 1043 993 ἔστιν
1073 950 1158 1000 ἕως
1189 945 1285 1000 ἑνός
1309 964 1332 991 e
1360 965 1401 994 v.
1419 952 1462 994 3.
1493 952 1674 994 scribae„

183 1013 349 1052 temere
375 1010 651 1053 invexerunt.
729 1008 880 1065 Quare
907 1007 1023 1048 haud
1050 1008 1166 1060 scio,
1205 1021 1261 1048 an
1289 1021 1331 1050 v.
1361 1005 1427 1049 ὅτι
1459 1004 1540 1050 οὐκ
1570 1006 1666 1050 ἔστι

184 1063 360 1115 δίκαιος
383 1063 484 1108 οὐδὲ
505 1060 568 1115 εἷς
588 1067 651 1108 sic
672 1080 725 1107 ex
749 1063 902 1114 καθώς
922 1063 1166 1120 γέγραπται
1185 1069 1285 1120 apta
1310 1063 1424 1115 sint,
1464 1070 1513 1106 ut
1536 1079 1667 1120 gene-

183 1124 324 1165 ralem
346 1123 627 1175 sententiam,
660 1137 788 1179 quam
813 1120 874 1164 V.
897 1120 956 1163 T.
986 1122 1018 1163 l.
1045 1134 1086 1163 V.
1119 1121 1190 1164 ll.
1211 1145 1259 1151 --
1285 1121 1354 1164 18.
1386 1122 1521 1163 allata
1551 1136 1667 1164 com-

214 1181 458 1234 lectantur,
487 1180 716 1222 enuntient
739 1179 782 1222 h.
803 1192 865 1220 r.:
895 1192 993 1218 nam
1014 1191 1151 1234 supra
1183 1176 1443 1220 criminatus
1471 1193 1596 1232 sum,
1623 1182 1670 1220 et

181 1195 378 1282 gudaeos
407 1243 452 1279 et
479 1251 673 1294 paganos
703 1249 852 1277 omnes
881 1239 1137 1292 peccatores
1166 1248 1290 1288 esse,
1326 1235 1437 1277 sicut
1466 1250 1552 1277 mm
1577 1250 1668 1278 esse

183 1294 399 1337 hominem
429 1293 630 1349 probum,
677 1307 730 1334 ne
759 1306 890 1334 unum
918 1292 1108 1348 quidem,
1146 1290 1250 1334 libri
1275 1306 1312 1335 s.
1340 1291 1408 1334 his
1436 1292 1573 1334 verbis
1600 1297 1667 1334 te-

184 1354 382 1394 stantur:
411 1353 473 1406 (v.
495 1351 565 1392 ll.
587 1350 677 1406 sq.)
700 1363 824 1401 „non
858 1353 926 1391 est
955 1347 1031 1404 qui
1061 1348 1208 1404 sapiat
1237 1348 1349 1392 etc.''
1408 1348 1469 1392 V.
1500 1350 1571 1392 11.
1596 1349 1667 1392 12.

181 1407 346 1450 Libere
366 1407 437 1448 hic
457 1404 510 1450 Ρ.
534 1404 613 1449 Ps.
636 1406 705 1458 14,
717 1406 761 1449 2.
787 1406 829 1448 3.
860 1405 990 1447 affert
1017 1419 1069 1447 ex
1098 1404 1275 1458 LXX.‚
1317 1420 1401 1461 quo
1429 1406 1544 1448 facto
1578 1406 1669 1448 alia

181 1464 244 1508 V.
264 1463 323 1508 T.
341 1464 400 1516 l.,
440 1464 485 1506 in
504 1463 664 1520 quibus
693 1467 736 1506 et
763 1462 875 1519 ipsis
910 1461 1131 1504 hominum
1160 1463 1432 1519 perversitas
1463 1462 1516 1505 de
1550 1463 1668 1505 lora-

182 1525 281 1574 ων,
311 1521 534 1563 subnectit
552 1535 593 1564 v.
619 1521 689 1564 13.
709 1544 760 1551 —-
782 1520 867 1562 18..
926 1518 1052 1574 Quae
1072 1517 1124 1562 P.
1155 1533 1196 1561 v.
1227 1521 1288 1571 (v.
1322 1520 1390 1562 13.
1414 1546 1467 1550 —
1488 1521 1510 1561 l
1547 1521 1581 1573 .)
1611 1534 1667 1562 ex

181 1578 228 1622 h.
248 1579 282 1622 1.
302 1582 392 1620 tum
420 1578 466 1619 in
492 1578 734 1632 marginem
758 1574 934 1619 Codicis
960 1575 1151 1617 vaticani
1180 1574 1317 1617 LXX
1351 1574 1427 1619 Ps.
1456 1577 1526 1619 14.
1555 1577 1669 1619 irre-

214 1640 391 1686 serunt‚
422 1640 514 1676 tum
543 1634 598 1675 ab
626 1633 799 1675 homine
833 1631 1074 1673 christiano
1105 1631 1311 1674 hebraice
1337 1646 1462 1674 versa
1492 1633 1536 1674 in
1557 1632 1668 1677 Cod.

182 1650 307 1734 iiehr.
330 1691 433 1735 649.
456 1690 710 1733 Kennicoin‘
728 1703 841 1746 pone
859 1687 935 1732 Ps.
964 1689 1034 1741 14,
1045 1689 1087 1732 3.
1118 1689 1282 1730 tralata
1312 1695 1429 1733 sunt.
1488 1689 1597 1732 vid.
1619 1689 1668 1733 S.

181 1747 245 1791 V.
274 1747 477 1791 Rosenm.
505 1746 563 1789 ad
583 1745 659 1789 Ps.
684 1746 824 1798 14‚3..
885 1746 1060 1798 συνιών]
1104 1744 1188 1788 Mt.
1216 1747 1248 1789 1.
1283 1760 1327 1802 q.
1358 1743 1520 1788 συνιών
1546 1747 1670 1804 (sic),

183 1810 234 1848 ut
254 1804 415 1847 Matth.
441 1804 507 1857 13,
520 1804 592 1848 23.
624 1804 756 1858 vulgo
785 1802 898 1844 male
926 1802 1108 1855 legitur.
1174 1801 1229 1844 In
1260 1809 1433 1860 promtu
1461 1810 1552 1857 est,
1591 1810 1671 1845 aut

183 1877 281 1905 cum
320 1862 545 1919 plerisque
576 1863 757 1907 συνιών,
809 1864 858 1900 ut
886 1859 945 1901 sit
974 1857 1268 1916 Participium
1296 1860 1463 1901 formae
1496 1859 1669 1908 σωίέω,

183 1925 262 1962 aut
282 1933 378 1961 cum
408 1917 517 1961 Win.
554 1932 622 1972 gr.
652 1932 697 1974 p.
717 1916 789 1960 75.
818 1920 863 1957 et
882 1915 1064 1959 Lachm.
1095 1915 1275 1965 συνίων,
1314 1923 1362 1958 ut
1392 1917 1451 1958 sit
1479 1915 1670 1959 Punici-

182 1977 303 2034 pium
333 1976 498 2017 formae
531 1971 688 2022 συνίω,
727 1971 1005 2015 scribendum
1029 1987 1153 2024 esse,
1209 1987 1250 2015 v,
1278 1973 1446 2017 Bunm.
1474 1976 1582 2023 nusi.
1610 1989 1669 2030 gt.

183 2036 371 2088 &thch
388 2031 540 2085 LOE-i.
563 2031 664 2074 543.
684 2035 729 2072 et
751 2029 976 2072 Matthiae
997 2032 1102 2083 ous'f.
1118 2043 1176 2085 gt.
1197 2031 1276 2077 (ὅτ.
1295 2028 1458 2081 mol..
1510 2030 1669 2073 Utrum

182 2089 332 2134 verius
354 2090 438 2143 sit,
468 2088 587 2130 dictu
609 2086 793 2130 difficile
812 2090 879 2128 est
904 2085 1091 2138 idcirco,
1136 2087 1238 2142 quia
1271 2101 1400 2143 quum
1431 2089 1474 2130 in
1501 2088 1669 2130 nostris

182 2146 478 2203 scriptoribus
499 2150 543 2188 et
560 2147 726 2187 formae
746 2141 801 2185 ῗω
825 2141 982 2198 (LXX
1002 2143 1228 2195 Eccles.2,
1243 2144 1310 2186 18.
1331 2140 1452 2200 ἀφίω
1473 2150 1518 2186 et
1530 2144 1668 2189 Mare.

185 2205 309 2256 1,34.
332 2205 485 2256 11,16.
508 2203 635 2260 ἤφιε)
654 2207 698 2243 et
717 2201 884 2243 formae
914 2197 990 2243 ἶέω
1017 2200 1175 2257 (Lxx
1207 2203 1231 2242 1
1262 2200 1381 2244 Sam.
1414 2201 1566 2253 18,15.
1596 2204 1671 2244 καὶ

181 2256 274 2303 εἶδε
285 2259 445 2308 Σαοὺλ,
471 2256 528 2309 ὡς
548 2255 681 2307 αὐτὸς
699 2255 875 2299 συνίει
897 2254 1017 2313 σφόδ
1046 2273 1075 2315 γα
1094 2259 1167 2298 καὶ
1187 2253 1399 2310 εὐλάβετο
1421 2254 1514 2300 ἀπὸ
1526 2273 1670 2314 προς-

184 2318 312 2359 ώπου
332 2313 489 2359 aimon.-
521 2316 668 2373 aptius
687 2318 756 2356 est
773 2314 887 2355 enim
908 2314 952 2357 h.
973 2273 1337 2371 l.51npersectum
1362 2313 1515 2364 συνίει,
1538 2329 1668 2372 quam

184 2372 408 2416 Praesens
437 2375 596 2428 συνιεῒ)
626 2372 835 2414 nonnulla
868 2372 978 2413 satis
1007 2379 1124 2414 certa
1154 2372 1349 2428 exempla
1379 2371 1671 2424 inveniantur,

187 2431 426 2487 plerasque
443 2431 629 2481 formas,
670 2434 799 2486 prout
824 2429 1061 2484 placuerit,
1096 2435 1188 2470 tum
1222 2427 1276 2469 ad
1304 2425 1381 2470 ἱέω
1411 2435 1500 2470 tum
1532 2427 1586 2470 ad
1613 2426 1668 2469 ἵω

186 2493 353 2529 mutato
376 2492 556 2530 accentu
577 2486 745 2528 referre
764 2485 883 2527 licet.
944 2485 1056 2528 Nam
1087 2486 1127 2526 si
1155 2485 1324 2527 scribas
1354 2484 1523 2528 Eccles.
1543 2486 1586 2538 5,
1599 2484 1667 2529 12.

187 2541 269 2597 ἀφι
290 2547 382 2597 ῶν,
433 2544 536 2588 Job.
570 2544 692 2596 15‚9.
722 2557 838 2585 varr.
867 2543 969 2585 lect.
1002 2546 1211 2591 συνιεῖς,
1252 2541 1381 2585 Prov.
1411 2543 1565 2595 2l,12.
1595 2541 1667 2584 29.

188 2599 295 2656 Sap.
315 2603 357 2653 9,
372 2603 439 2644 ll.
462 2616 554 2643 συν(
569 2604 636 2644 εἶ.
668 2600 761 2644 Jer.
783 2602 823 2650 U,
836 2599 909 2641 2-1.
935 2613 1026 2640 συιί
1043 2603 1145 2642 εῖν,
1178 2598 1338 2642 Matth.
1363 2599 1508 2652 13,13,
1526 2597 1667 2642 2Cor.

189 2657 340 2709 10,12.
370 2672 486 2699 ‹512211
506 2658 655 2699 οὖσι.
715 2656 861 2714 Apoc.
914 2657 1055 2707 11,ἱ).Δ
1083 2652 1297 2710 Emptos-cn
1343 2654 1474 2701 prov,
1511 2656 1665 2707 21‚11.

188 2713 308 2757 Dan.
326 2714 418 2765 8,5.
446 2715 517 2757 23.
546 2714 617 2758 27.
651 2713 763 2757 Hos.
795 2713 838 2764 4,
852 2714 921 2756 14.
943 2713 1103 2757 Amos.
1122 2715 1163 2765 5,
1178 2712 1245 2757 13.
1265 2714 1324 2756 al.
1347 2727 1439 2755 συνι
1457 2714 1546 2754 ὦν.
1577 2712 1666 2754 sor-

189 2785 282 2812 mas
315 2767 485 2825 ἀφιέω
517 2777 556 2812 et
597 2770 776 2814 συιίέω
817 2771 1073 2823 agnoverisz
1117 2771 1187 2813 sin
1229 2766 1414 2828 ὀφίων,
1464 2765 1666 2824 ἀφιόυσι,

189 2825 399 2877 ouri-etc,
447 2826 627 2876 συνίει,
677 2825 889 2877 συνίειν,
936 2825 1161 2872 σιψιόυσι
1188 2832 1232 2870 et
1284 2822 1458 2869 συνίων
1494 2839 1669 2874 exarcs,
