<?xml version="1.0" encoding="UTF-8"?>
<!DOCTYPE html PUBLIC "-//W3C//DTD XHTML 1.0 Transitional//EN"
    "http://www.w3.org/TR/xhtml1/DTD/xhtml1-transitional.dtd">
<html xmlns="http://www.w3.org/1999/xhtml" xml:lang="en" lang="en">
 <head>
  <title>
</title>
<meta http-equiv="Content-Type" content="text/html;charset=utf-8" />
  <meta name='ocr-system' content='tesseract 3.04.00' />
  <meta name='ocr-capabilities' content='ocr_page ocr_carea ocr_par ocr_line ocrx_word'/>
</head>
<body>
  <div class='ocr_page' id='page_1' title='image "./pauliadromanosep01frituoft_0088.png"; bbox 0 0 1752 3347; ppageno 0'>
   <div class='ocr_carea' id='block_1_1' title="bbox 224 180 1411 232">
    <p class='ocr_par' dir='ltr' id='par_1_1' title="bbox 224 180 1411 232">
     <span class='ocr_line' id='line_1_1' title="bbox 224 180 1411 232; baseline -0.002 -6"><span class='ocrx_word' id='word_1_1' title='bbox 224 188 281 232; x_wconf 62' lang='grc' dir='ltr'>,Ὦ</span> <span class='ocrx_word' id='word_1_2' title='bbox 507 181 875 226; x_wconf 74' lang='lat' dir='ltr'><strong>EPISTULA</strong></span> <span class='ocrx_word' id='word_1_3' title='bbox 926 180 1411 224; x_wconf 71' lang='lat' dir='ltr'>ADROMANOS</span> 
     </span>
    </p>
   </div>
   <div class='ocr_carea' id='block_1_2' title="bbox 162 285 1707 2897">
    <p class='ocr_par' dir='ltr' id='par_1_2' title="bbox 162 285 1707 2897">
     <span class='ocr_line' id='line_1_2' title="bbox 223 285 1688 342; baseline -0.005 -6"><span class='ocrx_word' id='word_1_4' title='bbox 223 295 334 337; x_wconf 75' lang='lat' dir='ltr'>ritus</span> <span class='ocrx_word' id='word_1_5' title='bbox 353 306 389 335; x_wconf 74' lang='lat' dir='ltr'>s.</span> <span class='ocrx_word' id='word_1_6' title='bbox 408 291 560 333; x_wconf 79' lang='lat' dir='ltr'>donum</span> <span class='ocrx_word' id='word_1_7' title='bbox 579 289 625 332; x_wconf 82' lang='lat' dir='ltr'>h.</span> <span class='ocrx_word' id='word_1_8' title='bbox 647 303 709 331; x_wconf 84' lang='lat' dir='ltr'>s.:</span> <span class='ocrx_word' id='word_1_9' title='bbox 739 289 879 329; x_wconf 74' lang='lat' dir='ltr'>videre</span> <span class='ocrx_word' id='word_1_10' title='bbox 895 300 967 328; x_wconf 78' lang='lat' dir='ltr'>vos</span> <span class='ocrx_word' id='word_1_11' title='bbox 984 286 1129 341; x_wconf 79' lang='lat' dir='ltr'>cupio,</span> <span class='ocrx_word' id='word_1_12' title='bbox 1156 289 1204 326; x_wconf 81' lang='lat' dir='ltr'>ut</span> <span class='ocrx_word' id='word_1_13' title='bbox 1222 285 1443 340; x_wconf 74' lang='lat' dir='ltr'>aliquod</span> <span class='ocrx_word' id='word_1_14' title='bbox 1461 288 1640 342; x_wconf 69' lang='lat' dir='ltr'>spiritns</span> <span class='ocrx_word' id='word_1_15' title='bbox 1650 302 1688 329; x_wconf 73' lang='grc' dir='ltr'>ε.</span> 
     </span>
     <span class='ocr_line' id='line_1_3' title="bbox 222 342 1691 395; baseline -0.006 -2"><span class='ocrx_word' id='word_1_16' title='bbox 222 351 376 394; x_wconf 81' lang='lat' dir='ltr'>donum</span> <span class='ocrx_word' id='word_1_17' title='bbox 391 348 601 391; x_wconf 75' lang='lat' dir='ltr'>vobiscum</span> <span class='ocrx_word' id='word_1_18' title='bbox 630 343 976 387; x_wconf 72' lang='lat' dir='ltr'>communic-(mdo</span> <span class='ocrx_word' id='word_1_19' title='bbox 1002 342 1117 384; x_wconf 79' lang='lat' dir='ltr'>vobis</span> <span class='ocrx_word' id='word_1_20' title='bbox 1178 342 1375 383; x_wconf 75' lang='lat' dir='ltr'>nodam</span> <span class='ocrx_word' id='word_1_21' title='bbox 1396 344 1559 395; x_wconf 82' lang='lat' dir='ltr'>modo,</span> <span class='ocrx_word' id='word_1_22' title='bbox 1593 343 1691 386; x_wconf 80' lang='lat' dir='ltr'>ali-</span> 
     </span>
     <span class='ocr_line' id='line_1_4' title="bbox 223 356 1692 464; baseline -0.005 -15"><span class='ocrx_word' id='word_1_23' title='bbox 223 421 322 464; x_wconf 80' lang='lat' dir='ltr'>qua</span> <span class='ocrx_word' id='word_1_24' title='bbox 347 419 415 447; x_wconf 66' lang='lat' dir='ltr'>esc</span> <span class='ocrx_word' id='word_1_25' title='bbox 437 408 596 459; x_wconf 78' lang='lat' dir='ltr'>parte</span> <span class='ocrx_word' id='word_1_26' title='bbox 623 400 842 455; x_wconf 77' lang='lat' dir='ltr'><em>prosim.</em></span> <span class='ocrx_word' id='word_1_27' title='bbox 901 398 1060 455; x_wconf 79' lang='lat' dir='ltr'>Neque</span> <span class='ocrx_word' id='word_1_28' title='bbox 1087 356 1262 449; x_wconf 51' lang='lat' dir='ltr'>deguit,</span> <span class='ocrx_word' id='word_1_29' title='bbox 1300 396 1505 454; x_wconf 81' lang='lat' dir='ltr'>quidnam</span> <span class='ocrx_word' id='word_1_30' title='bbox 1529 399 1692 442; x_wconf 84' lang='lat' dir='ltr'>Roma-</span> 
     </span>
     <span class='ocr_line' id='line_1_5' title="bbox 223 452 1693 521; baseline -0.005 -16"><span class='ocrx_word' id='word_1_31' title='bbox 223 464 293 505; x_wconf 80' lang='lat' dir='ltr'>nis</span> <span class='ocrx_word' id='word_1_32' title='bbox 314 461 540 518; x_wconf 81' lang='lat' dir='ltr'>impertire</span> <span class='ocrx_word' id='word_1_33' title='bbox 559 457 682 499; x_wconf 78' lang='lat' dir='ltr'>velit.</span> <span class='ocrx_word' id='word_1_34' title='bbox 743 454 874 497; x_wconf 86' lang='lat' dir='ltr'>Patet</span> <span class='ocrx_word' id='word_1_35' title='bbox 894 461 1037 498; x_wconf 85' lang='lat' dir='ltr'>tamen</span> <span class='ocrx_word' id='word_1_36' title='bbox 1056 470 1109 497; x_wconf 84' lang='lat' dir='ltr'>ex</span> <span class='ocrx_word' id='word_1_37' title='bbox 1133 453 1315 521; x_wconf 70' lang='lat' dir='ltr'>adjectis</span> <span class='ocrx_word' id='word_1_38' title='bbox 1344 468 1385 497; x_wconf 85' lang='lat' dir='ltr'>v.</span> <span class='ocrx_word' id='word_1_39' title='bbox 1416 452 1481 504; x_wconf 85' lang='grc' dir='ltr'>εὶς</span> <span class='ocrx_word' id='word_1_40' title='bbox 1505 454 1556 497; x_wconf 85' lang='grc' dir='ltr'>τὸ</span> <span class='ocrx_word' id='word_1_41' title='bbox 1583 470 1693 513; x_wconf 80' lang='grc' dir='ltr'><em>στη-</em></span> 
     </span>
     <span class='ocr_line' id='line_1_6' title="bbox 223 511 1693 577; baseline -0.004 -17"><span class='ocrx_word' id='word_1_42' title='bbox 223 519 435 577; x_wconf 69' lang='grc' dir='ltr'>ριχθῆναι</span> <span class='ocrx_word' id='word_1_43' title='bbox 457 512 566 568; x_wconf 72' lang='grc' dir='ltr'>ὑμᾶς</span> <span class='ocrx_word' id='word_1_44' title='bbox 593 513 706 555; x_wconf 85' lang='lat' dir='ltr'>nihil</span> <span class='ocrx_word' id='word_1_45' title='bbox 731 527 829 554; x_wconf 90' lang='lat' dir='ltr'>eum</span> <span class='ocrx_word' id='word_1_46' title='bbox 858 513 1075 565; x_wconf 67' lang='lat' dir='ltr'>voluisse,</span> <span class='ocrx_word' id='word_1_47' title='bbox 1114 512 1202 554; x_wconf 80' lang='lat' dir='ltr'>nisi</span> <span class='ocrx_word' id='word_1_48' title='bbox 1227 511 1406 554; x_wconf 83' lang='lat' dir='ltr'>docendo</span> <span class='ocrx_word' id='word_1_49' title='bbox 1432 525 1693 554; x_wconf 80' lang='lat' dir='ltr'>commonen-</span> 
     </span>
     <span class='ocr_line' id='line_1_7' title="bbox 221 567 1694 633; baseline -0.006 -15"><span class='ocrx_word' id='word_1_50' title='bbox 221 577 353 633; x_wconf 80' lang='lat' dir='ltr'>doqne</span> <span class='ocrx_word' id='word_1_51' title='bbox 372 577 416 615; x_wconf 87' lang='lat' dir='ltr'>et</span> <span class='ocrx_word' id='word_1_52' title='bbox 433 571 769 613; x_wconf 82' lang='lat' dir='ltr'>luculentiorem</span> <span class='ocrx_word' id='word_1_53' title='bbox 789 569 847 612; x_wconf 87' lang='lat' dir='ltr'>iis</span> <span class='ocrx_word' id='word_1_54' title='bbox 864 570 1082 612; x_wconf 74' lang='lat' dir='ltr'>doctrinae</span> <span class='ocrx_word' id='word_1_55' title='bbox 1105 568 1252 612; x_wconf 73' lang='lat' dir='ltr'>christ.</span> <span class='ocrx_word' id='word_1_56' title='bbox 1270 567 1547 624; x_wconf 67' lang='lat' dir='ltr'><em>cognitionem</em></span> <span class='ocrx_word' id='word_1_57' title='bbox 1562 569 1694 623; x_wconf 74' lang='grc' dir='ltr'>(γνῶ-</span> 
     </span>
     <span class='ocr_line' id='line_1_8' title="bbox 223 624 1697 684; baseline -0.005 -10"><span class='ocrx_word' id='word_1_58' title='bbox 223 646 293 674; x_wconf 83' lang='grc' dir='ltr'>σιν</span> <span class='ocrx_word' id='word_1_59' title='bbox 311 632 340 671; x_wconf 83' lang='grc'>2</span> <span class='ocrx_word' id='word_1_60' title='bbox 362 628 485 671; x_wconf 89' lang='lat' dir='ltr'>Petr.</span> <span class='ocrx_word' id='word_1_61' title='bbox 507 628 549 680; x_wconf 85' lang='lat'>3,</span> <span class='ocrx_word' id='word_1_62' title='bbox 563 629 632 671; x_wconf 90' lang='grc'>17.</span> <span class='ocrx_word' id='word_1_63' title='bbox 657 627 748 681; x_wconf 84' lang='grc'><strong>18.)</strong></span> <span class='ocrx_word' id='word_1_64' title='bbox 766 625 1049 684; x_wconf 81' lang='lat' dir='ltr'>suppeditare</span> <span class='ocrx_word' id='word_1_65' title='bbox 1069 630 1113 667; x_wconf 89' lang='lat' dir='ltr'>et</span> <span class='ocrx_word' id='word_1_66' title='bbox 1133 639 1284 668; x_wconf 91' lang='lat' dir='ltr'>eorum</span> <span class='ocrx_word' id='word_1_67' title='bbox 1305 624 1475 666; x_wconf 89' lang='lat' dir='ltr'>animos</span> <span class='ocrx_word' id='word_1_68' title='bbox 1504 624 1697 678; x_wconf 83' lang='lat' dir='ltr'>firmare,</span> 
     </span>
     <span class='ocr_line' id='line_1_9' title="bbox 223 681 1696 745; baseline -0.003 -16"><span class='ocrx_word' id='word_1_69' title='bbox 223 702 310 745; x_wconf 88' lang='lat' dir='ltr'>quo</span> <span class='ocrx_word' id='word_1_70' title='bbox 340 686 498 728; x_wconf 87' lang='lat' dir='ltr'>melius</span> <span class='ocrx_word' id='word_1_71' title='bbox 537 684 785 742; x_wconf 80' lang='lat' dir='ltr'>praeceptis</span> <span class='ocrx_word' id='word_1_72' title='bbox 819 684 907 727; x_wconf 79' lang='lat' dir='ltr'>div.</span> <span class='ocrx_word' id='word_1_73' title='bbox 946 687 1156 742; x_wconf 87' lang='lat' dir='ltr'>parerent</span> <span class='ocrx_word' id='word_1_74' title='bbox 1184 683 1234 738; x_wconf 91' lang='lat'>(2</span> <span class='ocrx_word' id='word_1_75' title='bbox 1259 681 1379 724; x_wconf 88' lang='lat' dir='ltr'>Tim.</span> <span class='ocrx_word' id='word_1_76' title='bbox 1409 681 1532 734; x_wconf 83' lang='lat'>2‚15.</span> <span class='ocrx_word' id='word_1_77' title='bbox 1559 681 1602 734; x_wconf 88' lang='lat'>3,</span> <span class='ocrx_word' id='word_1_78' title='bbox 1614 681 1696 735; x_wconf 89' lang='lat'><strong>3.).</strong></span> 
     </span>
     <span class='ocr_line' id='line_1_10' title="bbox 227 739 1700 798; baseline -0.005 -12"><span class='ocrx_word' id='word_1_79' title='bbox 227 742 353 787; x_wconf 86' lang='lat' dir='ltr'>Unde</span> <span class='ocrx_word' id='word_1_80' title='bbox 373 745 526 785; x_wconf 86' lang='lat' dir='ltr'>errant</span> <span class='ocrx_word' id='word_1_81' title='bbox 542 747 634 783; x_wconf 89' lang='lat' dir='ltr'>tum</span> <span class='ocrx_word' id='word_1_82' title='bbox 654 741 729 797; x_wconf 84' lang='lat' dir='ltr'>qui</span> <span class='ocrx_word' id='word_1_83' title='bbox 746 740 1081 798; x_wconf 81' lang='lat' dir='ltr'>peregrinarum</span> <span class='ocrx_word' id='word_1_84' title='bbox 1102 741 1353 795; x_wconf 87' lang='lat' dir='ltr'>linguarum</span> <span class='ocrx_word' id='word_1_85' title='bbox 1372 739 1624 780; x_wconf 80' lang='lat' dir='ltr'>facultatem</span> <span class='ocrx_word' id='word_1_86' title='bbox 1653 742 1700 780; x_wconf 85' lang='lat' dir='ltr'>et</span> 
     </span>
     <span class='ocr_line' id='line_1_11' title="bbox 222 795 1698 856; baseline -0.003 -13"><span class='ocrx_word' id='word_1_87' title='bbox 222 801 311 843; x_wconf 87' lang='lat' dir='ltr'>alia</span> <span class='ocrx_word' id='word_1_88' title='bbox 339 815 363 842; x_wconf 92' lang='lat' dir='ltr'>e</span> <span class='ocrx_word' id='word_1_89' title='bbox 391 813 555 855; x_wconf 86' lang='lat' dir='ltr'>genere</span> <span class='ocrx_word' id='word_1_90' title='bbox 585 803 842 856; x_wconf 86' lang='lat' dir='ltr'>portentoso</span> <span class='ocrx_word' id='word_1_91' title='bbox 869 798 1055 855; x_wconf 87' lang='lat' dir='ltr'>spiritus</span> <span class='ocrx_word' id='word_1_92' title='bbox 1090 812 1127 841; x_wconf 81' lang='grc' dir='ltr'>ε.</span> <span class='ocrx_word' id='word_1_93' title='bbox 1166 797 1277 839; x_wconf 90' lang='lat' dir='ltr'>dona</span> <span class='ocrx_word' id='word_1_94' title='bbox 1305 797 1362 852; x_wconf 87' lang='grc'>(1</span> <span class='ocrx_word' id='word_1_95' title='bbox 1392 795 1494 839; x_wconf 83' lang='lat' dir='ltr'>Cor.</span> <span class='ocrx_word' id='word_1_96' title='bbox 1525 796 1698 848; x_wconf 85' lang='lat'>12,10.)</span> 
     </span>
     <span class='ocr_line' id='line_1_12' title="bbox 222 853 1696 910; baseline -0.003 -10"><span class='ocrx_word' id='word_1_97' title='bbox 222 857 413 900; x_wconf 90' lang='lat' dir='ltr'>Paulum</span> <span class='ocrx_word' id='word_1_98' title='bbox 439 871 535 898; x_wconf 89' lang='lat' dir='ltr'>cum</span> <span class='ocrx_word' id='word_1_99' title='bbox 553 855 766 898; x_wconf 86' lang='lat' dir='ltr'>Romanis</span> <span class='ocrx_word' id='word_1_100' title='bbox 793 855 1112 898; x_wconf 89' lang='lat' dir='ltr'>communicare</span> <span class='ocrx_word' id='word_1_101' title='bbox 1143 853 1339 896; x_wconf 73' lang='lat' dir='ltr'>voluisse</span> <span class='ocrx_word' id='word_1_102' title='bbox 1368 853 1606 910; x_wconf 77' lang='lat' dir='ltr'>opinantur</span> <span class='ocrx_word' id='word_1_103' title='bbox 1634 853 1696 907; x_wconf 81' lang='lat' dir='ltr'>[v.</span> 
     </span>
     <span class='ocr_line' id='line_1_13' title="bbox 221 909 1696 970; baseline -0.005 -13"><span class='ocrx_word' id='word_1_104' title='bbox 221 931 260 959; x_wconf 86' lang='lat' dir='ltr'>c.</span> <span class='ocrx_word' id='word_1_105' title='bbox 279 913 504 970; x_wconf 78' lang='lat' dir='ltr'>Benqel.]‚</span> <span class='ocrx_word' id='word_1_106' title='bbox 543 916 635 954; x_wconf 87' lang='lat' dir='ltr'>tum</span> <span class='ocrx_word' id='word_1_107' title='bbox 659 912 735 969; x_wconf 89' lang='lat' dir='ltr'>qui</span> <span class='ocrx_word' id='word_1_108' title='bbox 764 927 863 954; x_wconf 89' lang='lat' dir='ltr'>eum</span> <span class='ocrx_word' id='word_1_109' title='bbox 890 916 933 953; x_wconf 92' lang='lat' dir='ltr'>et</span> <span class='ocrx_word' id='word_1_110' title='bbox 961 912 1193 954; x_wconf 84' lang='lat' dir='ltr'>instituere</span> <span class='ocrx_word' id='word_1_111' title='bbox 1219 911 1406 952; x_wconf 86' lang='lat' dir='ltr'>lectores</span> <span class='ocrx_word' id='word_1_112' title='bbox 1436 914 1479 951; x_wconf 89' lang='lat' dir='ltr'>et</span> <span class='ocrx_word' id='word_1_113' title='bbox 1509 909 1565 950; x_wconf 86' lang='lat' dir='ltr'>iis</span> <span class='ocrx_word' id='word_1_114' title='bbox 1593 922 1696 966; x_wconf 88' lang='lat' dir='ltr'>por-</span> 
     </span>
     <span class='ocr_line' id='line_1_14' title="bbox 221 966 1697 1028; baseline -0.003 -14"><span class='ocrx_word' id='word_1_115' title='bbox 221 975 395 1014; x_wconf 85' lang='lat' dir='ltr'>tentosa</span> <span class='ocrx_word' id='word_1_116' title='bbox 414 970 491 1012; x_wconf 86' lang='lat' dir='ltr'>illa</span> <span class='ocrx_word' id='word_1_117' title='bbox 512 970 700 1028; x_wconf 88' lang='lat' dir='ltr'>spiritus</span> <span class='ocrx_word' id='word_1_118' title='bbox 721 984 758 1013; x_wconf 77' lang='lat' dir='ltr'>s·</span> <span class='ocrx_word' id='word_1_119' title='bbox 779 983 955 1012; x_wconf 89' lang='lat' dir='ltr'>munera</span> <span class='ocrx_word' id='word_1_120' title='bbox 976 968 1083 1010; x_wconf 90' lang='lat' dir='ltr'>dare</span> <span class='ocrx_word' id='word_1_121' title='bbox 1110 968 1306 1010; x_wconf 79' lang='lat' dir='ltr'>voluisse</span> <span class='ocrx_word' id='word_1_122' title='bbox 1333 966 1536 1008; x_wconf 81' lang='lat' dir='ltr'>dictitant</span> <span class='ocrx_word' id='word_1_123' title='bbox 1567 968 1626 1020; x_wconf 70' lang='lat' dir='ltr'>[V.</span> <span class='ocrx_word' id='word_1_124' title='bbox 1657 979 1697 1009; x_wconf 82' lang='lat' dir='ltr'>c.</span> 
     </span>
     <span class='ocr_line' id='line_1_15' title="bbox 222 1019 1696 1083; baseline -0.005 -12"><span class='ocrx_word' id='word_1_125' title='bbox 222 1029 399 1083; x_wconf 77' lang='lat' dir='ltr'>Platt.].</span> <span class='ocrx_word' id='word_1_126' title='bbox 465 1030 598 1069; x_wconf 81' lang='grc' dir='ltr'><strong><em>τοῦτο</em></strong></span> <span class='ocrx_word' id='word_1_127' title='bbox 627 1025 676 1068; x_wconf 81' lang='grc' dir='ltr'>δέ</span> <span class='ocrx_word' id='word_1_128' title='bbox 704 1024 818 1080; x_wconf 79' lang='grc' dir='ltr'>ἐστι]</span> <span class='ocrx_word' id='word_1_129' title='bbox 848 1027 912 1070; x_wconf 89' lang='grc' dir='ltr'>Α.</span> <span class='ocrx_word' id='word_1_130' title='bbox 946 1025 1003 1069; x_wconf 92' lang='lat' dir='ltr'>lt.</span> <span class='ocrx_word' id='word_1_131' title='bbox 1035 1025 1174 1080; x_wconf 85' lang='lat' dir='ltr'>Vulg.</span> <span class='ocrx_word' id='word_1_132' title='bbox 1234 1023 1417 1066; x_wconf 87' lang='lat' dir='ltr'>raebent</span> <span class='ocrx_word' id='word_1_133' title='bbox 1443 1020 1564 1065; x_wconf 79' lang='grc' dir='ltr'><strong><em>τοῦτ’</em></strong></span> <span class='ocrx_word' id='word_1_134' title='bbox 1587 1019 1696 1064; x_wconf 72' lang='grc' dir='ltr'><strong>ἔστι.</strong></span> 
     </span>
     <span class='ocr_line' id='line_1_16' title="bbox 222 1078 1699 1150; baseline -0.006 -22"><span class='ocrx_word' id='word_1_135' title='bbox 222 1085 279 1128; x_wconf 83' lang='lat' dir='ltr'>ld</span> <span class='ocrx_word' id='word_1_136' title='bbox 305 1083 510 1142; x_wconf 81' lang='lat' dir='ltr'>probavit</span> <span class='ocrx_word' id='word_1_137' title='bbox 538 1082 659 1126; x_wconf 76' lang='lat' dir='ltr'>Mill.</span> <span class='ocrx_word' id='word_1_138' title='bbox 687 1080 811 1126; x_wconf 85' lang='lat' dir='ltr'>Prol.</span> <span class='ocrx_word' id='word_1_139' title='bbox 842 1085 883 1137; x_wconf 60' lang='grc' dir='ltr'>ξ.</span> <span class='ocrx_word' id='word_1_140' title='bbox 916 1082 1065 1134; x_wconf 64' lang='lat'><strong>1392„</strong></span> <span class='ocrx_word' id='word_1_141' title='bbox 1096 1084 1203 1123; x_wconf 84' lang='grc' dir='ltr'><strong><em>τοῦτ</em></strong></span> <span class='ocrx_word' id='word_1_142' title='bbox 1250 1078 1368 1129; x_wconf 74' lang='grc' dir='ltr'><strong><em>ἔστι,</em></strong></span> <span class='ocrx_word' id='word_1_143' title='bbox 1408 1080 1510 1150; x_wconf 72' lang='lat' dir='ltr'>quia</span> <span class='ocrx_word' id='word_1_144' title='bbox 1538 1093 1699 1120; x_wconf 79' lang='lat' dir='ltr'>sensus</span> 
     </span>
     <span class='ocr_line' id='line_1_17' title="bbox 221 1135 1700 1198; baseline -0.006 -13"><span class='ocrx_word' id='word_1_145' title='bbox 221 1142 365 1185; x_wconf 89' lang='lat' dir='ltr'>minus</span> <span class='ocrx_word' id='word_1_146' title='bbox 386 1145 567 1198; x_wconf 89' lang='lat' dir='ltr'>apertus</span> <span class='ocrx_word' id='word_1_147' title='bbox 586 1140 708 1182; x_wconf 76' lang='lat' dir='ltr'>visus</span> <span class='ocrx_word' id='word_1_148' title='bbox 729 1144 863 1191; x_wconf 86' lang='lat' dir='ltr'>esset,</span> <span class='ocrx_word' id='word_1_149' title='bbox 886 1137 979 1197; x_wconf 89' lang='lat' dir='ltr'>jam</span> <span class='ocrx_word' id='word_1_150' title='bbox 1001 1140 1105 1180; x_wconf 90' lang='lat' dir='ltr'>olim</span> <span class='ocrx_word' id='word_1_151' title='bbox 1129 1138 1172 1179; x_wconf 92' lang='lat' dir='ltr'>in</span> <span class='ocrx_word' id='word_1_152' title='bbox 1190 1138 1323 1178; x_wconf 80' lang='grc' dir='ltr'><strong>τοῦτο</strong></span> <span class='ocrx_word' id='word_1_153' title='bbox 1346 1135 1394 1177; x_wconf 79' lang='grc' dir='ltr'>δέ</span> <span class='ocrx_word' id='word_1_154' title='bbox 1416 1151 1510 1178; x_wconf 81' lang='grc' dir='ltr'><strong><em>εστι</em></strong></span> <span class='ocrx_word' id='word_1_155' title='bbox 1526 1136 1700 1177; x_wconf 82' lang='lat' dir='ltr'>resolu-</span> 
     </span>
     <span class='ocr_line' id='line_1_18' title="bbox 220 1191 1698 1250; baseline -0.005 -9"><span class='ocrx_word' id='word_1_156' title='bbox 220 1204 314 1242; x_wconf 87' lang='lat' dir='ltr'>tum</span> <span class='ocrx_word' id='word_1_157' title='bbox 333 1212 434 1240; x_wconf 86' lang='lat' dir='ltr'>esse</span> <span class='ocrx_word' id='word_1_158' title='bbox 453 1197 715 1239; x_wconf 80' lang='lat' dir='ltr'>arbitratus.</span> <span class='ocrx_word' id='word_1_159' title='bbox 773 1197 842 1238; x_wconf 88' lang='lat' dir='ltr'>At</span> <span class='ocrx_word' id='word_1_160' title='bbox 857 1196 990 1236; x_wconf 78' lang='grc' dir='ltr'><em>τοῦτο</em></span> <span class='ocrx_word' id='word_1_161' title='bbox 1013 1194 1062 1237; x_wconf 81' lang='grc' dir='ltr'>δέ</span> <span class='ocrx_word' id='word_1_162' title='bbox 1080 1191 1177 1236; x_wconf 77' lang='grc' dir='ltr'><strong><em>ἐστι</em></strong></span> <span class='ocrx_word' id='word_1_163' title='bbox 1204 1194 1276 1236; x_wconf 78' lang='lat' dir='ltr'>hic</span> <span class='ocrx_word' id='word_1_164' title='bbox 1303 1192 1584 1250; x_wconf 85' lang='lat' dir='ltr'>aptissimum</span> <span class='ocrx_word' id='word_1_165' title='bbox 1614 1196 1698 1245; x_wconf 88' lang='lat' dir='ltr'>est,</span> 
     </span>
     <span class='ocr_line' id='line_1_19' title="bbox 219 1247 1699 1318; baseline -0.006 -19"><span class='ocrx_word' id='word_1_166' title='bbox 219 1252 342 1298; x_wconf 78' lang='grc' dir='ltr'><strong><em>τοῦτ’</em></strong></span> <span class='ocrx_word' id='word_1_167' title='bbox 365 1251 462 1298; x_wconf 69' lang='grc' dir='ltr'>ἔστι</span> <span class='ocrx_word' id='word_1_168' title='bbox 482 1254 626 1295; x_wconf 86' lang='lat' dir='ltr'>minus</span> <span class='ocrx_word' id='word_1_169' title='bbox 657 1256 822 1310; x_wconf 90' lang='lat' dir='ltr'>aptum.</span> <span class='ocrx_word' id='word_1_170' title='bbox 883 1250 1060 1318; x_wconf 78' lang='lat' dir='ltr'>Quippe</span> <span class='ocrx_word' id='word_1_171' title='bbox 1086 1247 1208 1292; x_wconf 83' lang='grc' dir='ltr'><strong><em>τοῦτ’</em></strong></span> <span class='ocrx_word' id='word_1_172' title='bbox 1233 1247 1330 1292; x_wconf 78' lang='grc' dir='ltr'><em>ἔστι</em></span> <span class='ocrx_word' id='word_1_173' title='bbox 1355 1249 1431 1292; x_wconf 80' lang='lat' dir='ltr'>hoc</span> <span class='ocrx_word' id='word_1_174' title='bbox 1457 1254 1522 1292; x_wconf 85' lang='lat' dir='ltr'>est</span> <span class='ocrx_word' id='word_1_175' title='bbox 1546 1248 1699 1304; x_wconf 83' lang='lat' dir='ltr'>singu-</span> 
     </span>
     <span class='ocr_line' id='line_1_20' title="bbox 218 1304 1701 1368; baseline -0.006 -13"><span class='ocrx_word' id='word_1_176' title='bbox 218 1313 365 1355; x_wconf 89' lang='lat' dir='ltr'>lorum</span> <span class='ocrx_word' id='word_1_177' title='bbox 384 1309 660 1368; x_wconf 86' lang='lat' dir='ltr'>quorundam</span> <span class='ocrx_word' id='word_1_178' title='bbox 680 1324 720 1353; x_wconf 83' lang='lat' dir='ltr'>v.</span> <span class='ocrx_word' id='word_1_179' title='bbox 740 1308 1050 1366; x_wconf 76' lang='lat' dir='ltr'>explicationi,</span> <span class='ocrx_word' id='word_1_180' title='bbox 1082 1321 1193 1364; x_wconf 88' lang='lat' dir='ltr'>quae</span> <span class='ocrx_word' id='word_1_181' title='bbox 1221 1306 1364 1349; x_wconf 88' lang='lat' dir='ltr'>obiter</span> <span class='ocrx_word' id='word_1_182' title='bbox 1389 1304 1701 1364; x_wconf 61' lang='lat' dir='ltr'>adspergatun</span> 
     </span>
     <span class='ocr_line' id='line_1_21' title="bbox 220 1359 1701 1428; baseline -0.005 -16"><span class='ocrx_word' id='word_1_183' title='bbox 220 1368 510 1428; x_wconf 86' lang='lat' dir='ltr'>praeponitur</span> <span class='ocrx_word' id='word_1_184' title='bbox 531 1370 589 1421; x_wconf 83' lang='lat' dir='ltr'>[v.</span> <span class='ocrx_word' id='word_1_185' title='bbox 611 1382 649 1410; x_wconf 87' lang='lat' dir='ltr'>c.</span> <span class='ocrx_word' id='word_1_186' title='bbox 671 1366 778 1409; x_wconf 82' lang='lat' dir='ltr'>Act.</span> <span class='ocrx_word' id='word_1_187' title='bbox 804 1367 928 1419; x_wconf 84' lang='grc'><strong>1,19.</strong></span> <span class='ocrx_word' id='word_1_188' title='bbox 961 1391 1010 1398; x_wconf 92' lang='lat'>--</span> <span class='ocrx_word' id='word_1_189' title='bbox 1079 1359 1407 1417; x_wconf 76' lang='grc' dir='ltr'>Ἀκελὸαμοέ,</span> <span class='ocrx_word' id='word_1_190' title='bbox 1445 1360 1565 1405; x_wconf 82' lang='grc' dir='ltr'><em>τοῦτ’</em></span> <span class='ocrx_word' id='word_1_191' title='bbox 1602 1360 1701 1404; x_wconf 76' lang='grc' dir='ltr'><em>ἔστι</em></span> 
     </span>
     <span class='ocr_line' id='line_1_22' title="bbox 216 1420 1699 1479; baseline -0.003 -12"><span class='ocrx_word' id='word_1_192' title='bbox 216 1423 430 1479; x_wconf 80' lang='grc' dir='ltr'><em>χωρίον</em></span> <span class='ocrx_word' id='word_1_193' title='bbox 458 1421 554 1475; x_wconf 75' lang='grc' dir='ltr'>αῗμ</span> <span class='ocrx_word' id='word_1_194' title='bbox 567 1438 663 1465; x_wconf 84' lang='grc' dir='ltr'>ατο</span> <span class='ocrx_word' id='word_1_195' title='bbox 679 1437 712 1472; x_wconf 90' lang='grc' dir='ltr'>ς.</span> <span class='ocrx_word' id='word_1_196' title='bbox 745 1423 800 1467; x_wconf 85' lang='lat' dir='ltr'>cf.</span> <span class='ocrx_word' id='word_1_197' title='bbox 822 1422 982 1466; x_wconf 75' lang='lat' dir='ltr'>Matth.</span> <span class='ocrx_word' id='word_1_198' title='bbox 1001 1422 1154 1475; x_wconf 58' lang='lat'><strong>2246.</strong></span> <span class='ocrx_word' id='word_1_199' title='bbox 1188 1420 1329 1464; x_wconf 86' lang='lat' dir='ltr'>Hebr.</span> <span class='ocrx_word' id='word_1_200' title='bbox 1357 1420 1509 1472; x_wconf 86' lang='lat'><strong>10,20.</strong></span> <span class='ocrx_word' id='word_1_201' title='bbox 1544 1420 1699 1472; x_wconf 85' lang='grc'><strong>11,16.</strong></span> 
     </span>
     <span class='ocr_line' id='line_1_23' title="bbox 225 1475 1701 1535; baseline -0.005 -11"><span class='ocrx_word' id='word_1_202' title='bbox 225 1483 293 1535; x_wconf 85' lang='lat'>13,</span> <span class='ocrx_word' id='word_1_203' title='bbox 308 1481 377 1525; x_wconf 83' lang='lat'>15.</span> <span class='ocrx_word' id='word_1_204' title='bbox 400 1482 424 1523; x_wconf 93' lang='lat' dir='ltr'>l</span> <span class='ocrx_word' id='word_1_205' title='bbox 446 1478 568 1524; x_wconf 86' lang='lat' dir='ltr'>Petr.</span> <span class='ocrx_word' id='word_1_206' title='bbox 593 1480 635 1533; x_wconf 83' lang='grc'>3,</span> <span class='ocrx_word' id='word_1_207' title='bbox 646 1480 764 1535; x_wconf 87' lang='grc'><strong>20.],</strong></span> <span class='ocrx_word' id='word_1_208' title='bbox 794 1482 926 1522; x_wconf 80' lang='grc' dir='ltr'><strong><em>τοῦτο</em></strong></span> <span class='ocrx_word' id='word_1_209' title='bbox 948 1479 997 1522; x_wconf 83' lang='grc' dir='ltr'>δέ</span> <span class='ocrx_word' id='word_1_210' title='bbox 1018 1479 1113 1522; x_wconf 81' lang='grc' dir='ltr'><strong><em>ἐστι</em></strong></span> <span class='ocrx_word' id='word_1_211' title='bbox 1131 1478 1206 1520; x_wconf 77' lang='lat' dir='ltr'>hoc</span> <span class='ocrx_word' id='word_1_212' title='bbox 1233 1483 1415 1520; x_wconf 81' lang='lat' dir='ltr'>autem</span> <span class='ocrx_word' id='word_1_213' title='bbox 1440 1482 1504 1519; x_wconf 80' lang='lat' dir='ltr'>est</span> <span class='ocrx_word' id='word_1_214' title='bbox 1522 1481 1567 1518; x_wconf 90' lang='lat' dir='ltr'>et</span> <span class='ocrx_word' id='word_1_215' title='bbox 1591 1475 1701 1518; x_wconf 80' lang='lat' dir='ltr'>totis</span> 
     </span>
     <span class='ocr_line' id='line_1_24' title="bbox 162 1533 1701 1594; baseline -0.003 -13"><span class='ocrx_word' id='word_1_216' title='bbox 162 1551 164 1553; x_wconf 77' lang='grc'>’</span> <span class='ocrx_word' id='word_1_217' title='bbox 219 1538 599 1581; x_wconf 81' lang='lat' dir='ltr'>enuntiationibus</span> <span class='ocrx_word' id='word_1_218' title='bbox 635 1536 927 1594; x_wconf 80' lang='lat' dir='ltr'>explanandis</span> <span class='ocrx_word' id='word_1_219' title='bbox 961 1540 1006 1577; x_wconf 88' lang='lat' dir='ltr'>et</span> <span class='ocrx_word' id='word_1_220' title='bbox 1043 1534 1318 1592; x_wconf 85' lang='lat' dir='ltr'>ponderosae</span> <span class='ocrx_word' id='word_1_221' title='bbox 1357 1533 1633 1587; x_wconf 87' lang='lat' dir='ltr'>singulorum</span> <span class='ocrx_word' id='word_1_222' title='bbox 1658 1547 1701 1576; x_wconf 67' lang='grc' dir='ltr'>τ.</span> 
     </span>
     <span class='ocr_line' id='line_1_25' title="bbox 221 1588 1701 1654; baseline -0.005 -15"><span class='ocrx_word' id='word_1_223' title='bbox 221 1594 492 1654; x_wconf 81' lang='lat' dir='ltr'>expositioni</span> <span class='ocrx_word' id='word_1_224' title='bbox 527 1596 570 1649; x_wconf 82' lang='lat'>[1</span> <span class='ocrx_word' id='word_1_225' title='bbox 592 1592 716 1636; x_wconf 89' lang='lat' dir='ltr'>Petr.</span> <span class='ocrx_word' id='word_1_226' title='bbox 740 1594 882 1647; x_wconf 81' lang='lat'>1,25.]</span> <span class='ocrx_word' id='word_1_227' title='bbox 911 1590 1281 1634; x_wconf 87' lang='lat' dir='ltr'>accommodatum</span> <span class='ocrx_word' id='word_1_228' title='bbox 1310 1595 1395 1634; x_wconf 86' lang='lat' dir='ltr'>est.</span> <span class='ocrx_word' id='word_1_229' title='bbox 1465 1588 1563 1634; x_wconf 88' lang='lat' dir='ltr'>Jam</span> <span class='ocrx_word' id='word_1_230' title='bbox 1595 1589 1638 1633; x_wconf 89' lang='lat' dir='ltr'>h.</span> <span class='ocrx_word' id='word_1_231' title='bbox 1668 1589 1701 1632; x_wconf 89' lang='lat' dir='ltr'>l.</span> 
     </span>
     <span class='ocr_line' id='line_1_26' title="bbox 222 1646 1702 1710; baseline -0.005 -16"><span class='ocrx_word' id='word_1_232' title='bbox 222 1668 356 1710; x_wconf 88' lang='lat' dir='ltr'>quum</span> <span class='ocrx_word' id='word_1_233' title='bbox 381 1651 432 1695; x_wconf 90' lang='lat' dir='ltr'>P.</span> <span class='ocrx_word' id='word_1_234' title='bbox 455 1665 541 1692; x_wconf 87' lang='lat' dir='ltr'>non</span> <span class='ocrx_word' id='word_1_235' title='bbox 562 1665 693 1692; x_wconf 90' lang='lat' dir='ltr'>unum</span> <span class='ocrx_word' id='word_1_236' title='bbox 721 1664 762 1693; x_wconf 76' lang='lat' dir='ltr'>v.</span> <span class='ocrx_word' id='word_1_237' title='bbox 794 1651 1116 1705; x_wconf 68' lang='grc' dir='ltr'>στηριχθῆναι,</span> <span class='ocrx_word' id='word_1_238' title='bbox 1158 1647 1237 1690; x_wconf 85' lang='lat' dir='ltr'>sed</span> <span class='ocrx_word' id='word_1_239' title='bbox 1268 1653 1405 1690; x_wconf 83' lang='lat' dir='ltr'>totam</span> <span class='ocrx_word' id='word_1_240' title='bbox 1436 1646 1702 1688; x_wconf 86' lang='lat' dir='ltr'>sententiam</span> 
     </span>
     <span class='ocr_line' id='line_1_27' title="bbox 223 1702 1704 1763; baseline -0.005 -12"><span class='ocrx_word' id='word_1_241' title='bbox 223 1707 290 1759; x_wconf 84' lang='grc' dir='ltr'>εἰς</span> <span class='ocrx_word' id='word_1_242' title='bbox 315 1707 366 1749; x_wconf 82' lang='grc' dir='ltr'>τὸ</span> <span class='ocrx_word' id='word_1_243' title='bbox 394 1708 689 1763; x_wconf 65' lang='grc' dir='ltr'>στηριχθῆναι</span> <span class='ocrx_word' id='word_1_244' title='bbox 715 1706 826 1759; x_wconf 70' lang='grc' dir='ltr'>ὑμᾶς</span> <span class='ocrx_word' id='word_1_245' title='bbox 855 1711 903 1748; x_wconf 78' lang='lat' dir='ltr'>ut</span> <span class='ocrx_word' id='word_1_246' title='bbox 930 1720 998 1747; x_wconf 73' lang='lat' dir='ltr'>vos</span> <span class='ocrx_word' id='word_1_247' title='bbox 1023 1703 1330 1757; x_wconf 77' lang='lat' dir='ltr'>confirmemini</span> <span class='ocrx_word' id='word_1_248' title='bbox 1354 1702 1598 1746; x_wconf 82' lang='lat' dir='ltr'>dilucidare</span> <span class='ocrx_word' id='word_1_249' title='bbox 1627 1717 1704 1745; x_wconf 80' lang='lat' dir='ltr'>vo—</span> 
     </span>
     <span class='ocr_line' id='line_1_28' title="bbox 220 1757 1704 1821; baseline -0.006 -12"><span class='ocrx_word' id='word_1_250' title='bbox 220 1765 380 1817; x_wconf 89' lang='lat' dir='ltr'>luerit,</span> <span class='ocrx_word' id='word_1_251' title='bbox 416 1764 682 1821; x_wconf 86' lang='lat' dir='ltr'>scripturam</span> <span class='ocrx_word' id='word_1_252' title='bbox 718 1763 944 1817; x_wconf 81' lang='lat' dir='ltr'>vulgatam</span> <span class='ocrx_word' id='word_1_253' title='bbox 980 1761 1204 1804; x_wconf 89' lang='lat' dir='ltr'>mordicus</span> <span class='ocrx_word' id='word_1_254' title='bbox 1233 1766 1378 1804; x_wconf 77' lang='lat' dir='ltr'>teneo.</span> <span class='ocrx_word' id='word_1_255' title='bbox 1446 1759 1626 1802; x_wconf 79' lang='lat' dir='ltr'>Excidit</span> <span class='ocrx_word' id='word_1_256' title='bbox 1654 1757 1704 1801; x_wconf 79' lang='grc' dir='ltr'>δέ</span> 
     </span>
     <span class='ocr_line' id='line_1_29' title="bbox 221 1815 1704 1877; baseline -0.005 -12"><span class='ocrx_word' id='word_1_257' title='bbox 221 1827 299 1865; x_wconf 84' lang='lat' dir='ltr'>aut</span> <span class='ocrx_word' id='word_1_258' title='bbox 317 1821 518 1874; x_wconf 86' lang='lat' dir='ltr'>fortuitu,</span> <span class='ocrx_word' id='word_1_259' title='bbox 550 1824 627 1862; x_wconf 91' lang='lat' dir='ltr'>aut</span> <span class='ocrx_word' id='word_1_260' title='bbox 645 1820 747 1877; x_wconf 89' lang='lat' dir='ltr'>quia</span> <span class='ocrx_word' id='word_1_261' title='bbox 766 1816 888 1861; x_wconf 76' lang='grc' dir='ltr'><strong><em>τοῦτ’</em></strong></span> <span class='ocrx_word' id='word_1_262' title='bbox 913 1816 1009 1861; x_wconf 75' lang='grc' dir='ltr'><em>ἔστι</em></span> <span class='ocrx_word' id='word_1_263' title='bbox 1028 1820 1287 1874; x_wconf 87' lang='lat' dir='ltr'>frequenter</span> <span class='ocrx_word' id='word_1_264' title='bbox 1308 1817 1483 1860; x_wconf 79' lang='lat' dir='ltr'>obvium</span> <span class='ocrx_word' id='word_1_265' title='bbox 1505 1815 1704 1858; x_wconf 85' lang='lat' dir='ltr'>fraudem</span> 
     </span>
     <span class='ocr_line' id='line_1_30' title="bbox 221 1871 1704 1931; baseline -0.005 -9"><span class='ocrx_word' id='word_1_266' title='bbox 221 1881 388 1922; x_wconf 85' lang='lat' dir='ltr'>fecerat</span> <span class='ocrx_word' id='word_1_267' title='bbox 406 1877 622 1920; x_wconf 80' lang='lat' dir='ltr'>librariis.</span> <span class='ocrx_word' id='word_1_268' title='bbox 673 1879 806 1918; x_wconf 81' lang='grc' dir='ltr'><strong><em>τοῦτο</em></strong></span> <span class='ocrx_word' id='word_1_269' title='bbox 826 1900 880 1908; x_wconf 93' lang='grc'>-</span> <span class='ocrx_word' id='word_1_270' title='bbox 901 1877 974 1917; x_wconf 80' lang='grc' dir='ltr'>καὶ</span> <span class='ocrx_word' id='word_1_271' title='bbox 993 1873 1122 1930; x_wconf 79' lang='grc' dir='ltr'>ἐμοῦ]</span> <span class='ocrx_word' id='word_1_272' title='bbox 1147 1875 1236 1918; x_wconf 79' lang='lat' dir='ltr'>Hic</span> <span class='ocrx_word' id='word_1_273' title='bbox 1257 1889 1431 1927; x_wconf 85' lang='lat' dir='ltr'>omnes,</span> <span class='ocrx_word' id='word_1_274' title='bbox 1454 1888 1564 1931; x_wconf 83' lang='lat' dir='ltr'>quos</span> <span class='ocrx_word' id='word_1_275' title='bbox 1583 1871 1704 1915; x_wconf 72' lang='lat' dir='ltr'>vide-</span> 
     </span>
     <span class='ocr_line' id='line_1_31' title="bbox 222 1932 1706 1996; baseline -0.005 -18"><span class='ocrx_word' id='word_1_276' title='bbox 222 1937 330 1990; x_wconf 82' lang='lat' dir='ltr'>rim,</span> <span class='ocrx_word' id='word_1_277' title='bbox 367 1935 634 1992; x_wconf 87' lang='lat' dir='ltr'>interpretes</span> <span class='ocrx_word' id='word_1_278' title='bbox 653 1932 705 1975; x_wconf 89' lang='lat' dir='ltr'>de</span> <span class='ocrx_word' id='word_1_279' title='bbox 725 1948 776 1975; x_wconf 92' lang='lat' dir='ltr'>eo</span> <span class='ocrx_word' id='word_1_280' title='bbox 797 1933 914 1974; x_wconf 88' lang='lat' dir='ltr'>inter</span> <span class='ocrx_word' id='word_1_281' title='bbox 941 1947 988 1974; x_wconf 89' lang='lat' dir='ltr'>se</span> <span class='ocrx_word' id='word_1_282' title='bbox 1017 1932 1322 1984; x_wconf 84' lang='lat' dir='ltr'>consentiunt,</span> <span class='ocrx_word' id='word_1_283' title='bbox 1359 1938 1408 1973; x_wconf 89' lang='lat' dir='ltr'>ut</span> <span class='ocrx_word' id='word_1_284' title='bbox 1435 1945 1706 1996; x_wconf 59' lang='lat' dir='ltr'>‹supinaqu-</span> 
     </span>
     <span class='ocr_line' id='line_1_32' title="bbox 222 1987 1704 2049; baseline -0.005 -15"><span class='ocrx_word' id='word_1_285' title='bbox 222 1993 446 2049; x_wconf 66' lang='grc' dir='ltr'><em>κληθῆναι</em></span> <span class='ocrx_word' id='word_1_286' title='bbox 476 1991 534 2033; x_wconf 87' lang='lat' dir='ltr'>ad</span> <span class='ocrx_word' id='word_1_287' title='bbox 558 1990 743 2034; x_wconf 89' lang='lat' dir='ltr'>Paulum</span> <span class='ocrx_word' id='word_1_288' title='bbox 772 1990 991 2042; x_wconf 85' lang='lat' dir='ltr'>referant,</span> <span class='ocrx_word' id='word_1_289' title='bbox 1031 1990 1235 2045; x_wconf 86' lang='lat' dir='ltr'>mitigare</span> <span class='ocrx_word' id='word_1_290' title='bbox 1263 2003 1359 2031; x_wconf 90' lang='lat' dir='ltr'>eum</span> <span class='ocrx_word' id='word_1_291' title='bbox 1391 1987 1540 2030; x_wconf 74' lang='lat' dir='ltr'>verbis</span> <span class='ocrx_word' id='word_1_292' title='bbox 1571 2000 1704 2028; x_wconf 83' lang='grc' dir='ltr'><em>τουτο</em></span> 
     </span>
     <span class='ocr_line' id='line_1_33' title="bbox 223 2044 1705 2104; baseline -0.007 -12"><span class='ocrx_word' id='word_1_293' title='bbox 223 2050 275 2092; x_wconf 75' lang='grc' dir='ltr'>δέ·</span> <span class='ocrx_word' id='word_1_294' title='bbox 295 2050 390 2092; x_wconf 82' lang='grc' dir='ltr'><strong><em>ἐστι</em></strong></span> <span class='ocrx_word' id='word_1_295' title='bbox 408 2065 444 2090; x_wconf 91' lang='grc' dir='ltr'>κ.</span> <span class='ocrx_word' id='word_1_296' title='bbox 466 2064 503 2090; x_wconf 84' lang='grc' dir='ltr'>τ.</span> <span class='ocrx_word' id='word_1_297' title='bbox 527 2048 565 2090; x_wconf 77' lang='grc' dir='ltr'>λ.</span> <span class='ocrx_word' id='word_1_298' title='bbox 586 2052 687 2090; x_wconf 90' lang='lat' dir='ltr'>ante</span> <span class='ocrx_word' id='word_1_299' title='bbox 707 2046 821 2089; x_wconf 86' lang='lat' dir='ltr'>dicta</span> <span class='ocrx_word' id='word_1_300' title='bbox 840 2046 1123 2104; x_wconf 87' lang='lat' dir='ltr'>modesteque</span> <span class='ocrx_word' id='word_1_301' title='bbox 1146 2047 1226 2088; x_wconf 90' lang='lat' dir='ltr'>hoc</span> <span class='ocrx_word' id='word_1_302' title='bbox 1244 2045 1460 2089; x_wconf 83' lang='lat' dir='ltr'>ad&#39;icere:</span> <span class='ocrx_word' id='word_1_303' title='bbox 1496 2044 1578 2086; x_wconf 79' lang='lat' dir='ltr'>sibi</span> <span class='ocrx_word' id='word_1_304' title='bbox 1606 2056 1705 2100; x_wconf 66' lang='lat' dir='ltr'>quao-</span> 
     </span>
     <span class='ocr_line' id='line_1_34' title="bbox 224 2096 1706 2164; baseline -0.005 -17"><span class='ocrx_word' id='word_1_305' title='bbox 224 2121 302 2164; x_wconf 79' lang='lat' dir='ltr'>que</span> <span class='ocrx_word' id='word_1_306' title='bbox 321 2119 588 2160; x_wconf 73' lang='lat' dir='ltr'>conyressnm</span> <span class='ocrx_word' id='word_1_307' title='bbox 619 2119 712 2147; x_wconf 83' lang='lat' dir='ltr'>cum</span> <span class='ocrx_word' id='word_1_308' title='bbox 736 2104 944 2147; x_wconf 78' lang='lat' dir='ltr'>Romanis</span> <span class='ocrx_word' id='word_1_309' title='bbox 970 2101 1237 2159; x_wconf 77' lang='lat' dir='ltr'>fructuosum</span> <span class='ocrx_word' id='word_1_310' title='bbox 1291 2118 1362 2146; x_wconf 83' lang='lat' dir='ltr'>ore</span> <span class='ocrx_word' id='word_1_311' title='bbox 1391 2099 1620 2151; x_wconf 75' lang='lat' dir='ltr'>arbitrati,</span> <span class='ocrx_word' id='word_1_312' title='bbox 1650 2096 1706 2140; x_wconf 88' lang='lat' dir='ltr'>de</span> 
     </span>
     <span class='ocr_line' id='line_1_35' title="bbox 223 2155 1706 2215; baseline -0.007 -10"><span class='ocrx_word' id='word_1_313' title='bbox 223 2177 274 2205; x_wconf 89' lang='lat' dir='ltr'>eo</span> <span class='ocrx_word' id='word_1_314' title='bbox 302 2162 595 2215; x_wconf 86' lang='lat' dir='ltr'>dissentiunt,</span> <span class='ocrx_word' id='word_1_315' title='bbox 644 2166 790 2202; x_wconf 87' lang='lat' dir='ltr'>utrum</span> <span class='ocrx_word' id='word_1_316' title='bbox 820 2175 861 2204; x_wconf 76' lang='lat' dir='ltr'>v,</span> <span class='ocrx_word' id='word_1_317' title='bbox 898 2163 1031 2202; x_wconf 79' lang='grc' dir='ltr'><em>τοῦτο</em></span> <span class='ocrx_word' id='word_1_318' title='bbox 1065 2160 1113 2203; x_wconf 82' lang='grc' dir='ltr'>δέ</span> <span class='ocrx_word' id='word_1_319' title='bbox 1139 2158 1236 2202; x_wconf 78' lang='grc' dir='ltr'><strong><em>ἐστι</em></strong></span> <span class='ocrx_word' id='word_1_320' title='bbox 1266 2155 1706 2214; x_wconf 69' lang='grc' dir='ltr'><strong><em>συμπαρακληθῆιάι</em></strong></span> 
     </span>
     <span class='ocr_line' id='line_1_36' title="bbox 226 2211 1707 2273; baseline -0.005 -13"><span class='ocrx_word' id='word_1_321' title='bbox 226 2236 261 2260; x_wconf 90' lang='grc' dir='ltr'>κ.</span> <span class='ocrx_word' id='word_1_322' title='bbox 276 2234 315 2261; x_wconf 87' lang='grc' dir='ltr'>τ.</span> <span class='ocrx_word' id='word_1_323' title='bbox 331 2215 365 2261; x_wconf 76' lang='grc' dir='ltr'>ὲ.</span> <span class='ocrx_word' id='word_1_324' title='bbox 378 2217 435 2260; x_wconf 88' lang='lat' dir='ltr'>ad</span> <span class='ocrx_word' id='word_1_325' title='bbox 445 2231 615 2262; x_wconf 82' lang='lat' dir='ltr'>vocc.v.</span> <span class='ocrx_word' id='word_1_326' title='bbox 632 2219 699 2262; x_wconf 89' lang='grc'>10.</span> <span class='ocrx_word' id='word_1_327' title='bbox 713 2215 777 2267; x_wconf 83' lang='grc' dir='ltr'>εἰς</span> <span class='ocrx_word' id='word_1_328' title='bbox 793 2216 844 2258; x_wconf 74' lang='grc' dir='ltr'>τὸ</span> <span class='ocrx_word' id='word_1_329' title='bbox 864 2218 1153 2273; x_wconf 67' lang='grc' dir='ltr'><em>στηριχθῆναι</em></span> <span class='ocrx_word' id='word_1_330' title='bbox 1178 2211 1310 2269; x_wconf 71' lang='grc' dir='ltr'><em>ὑμᾶς,</em></span> <span class='ocrx_word' id='word_1_331' title='bbox 1341 2213 1456 2272; x_wconf 83' lang='lat' dir='ltr'>quod</span> <span class='ocrx_word' id='word_1_332' title='bbox 1478 2212 1707 2271; x_wconf 82' lang='lat' dir='ltr'>plerisque</span> 
     </span>
     <span class='ocr_line' id='line_1_37' title="bbox 222 2269 1706 2329; baseline -0.004 -13"><span class='ocrx_word' id='word_1_333' title='bbox 222 2279 344 2318; x_wconf 87' lang='lat' dir='ltr'>recte</span> <span class='ocrx_word' id='word_1_334' title='bbox 363 2274 505 2318; x_wconf 79' lang='lat' dir='ltr'>visum</span> <span class='ocrx_word' id='word_1_335' title='bbox 524 2280 615 2328; x_wconf 88' lang='lat' dir='ltr'>est,</span> <span class='ocrx_word' id='word_1_336' title='bbox 645 2289 701 2317; x_wconf 91' lang='lat' dir='ltr'>an</span> <span class='ocrx_word' id='word_1_337' title='bbox 721 2273 776 2315; x_wconf 89' lang='lat' dir='ltr'>ad</span> <span class='ocrx_word' id='word_1_338' title='bbox 797 2288 835 2317; x_wconf 75' lang='lat' dir='ltr'>v.</span> <span class='ocrx_word' id='word_1_339' title='bbox 856 2289 921 2317; x_wconf 70' lang='lat' dir='ltr'>vs,</span> <span class='ocrx_word' id='word_1_340' title='bbox 946 2276 1015 2316; x_wconf 84' lang='grc'>10.</span> <span class='ocrx_word' id='word_1_341' title='bbox 1046 2271 1158 2316; x_wconf 76' lang='grc' dir='ltr'><strong><em>ἰδεῖν</em></strong></span> <span class='ocrx_word' id='word_1_342' title='bbox 1185 2269 1319 2324; x_wconf 74' lang='grc' dir='ltr'>ἱμᾶς,</span> <span class='ocrx_word' id='word_1_343' title='bbox 1360 2269 1476 2329; x_wconf 86' lang='lat' dir='ltr'>quod</span> <span class='ocrx_word' id='word_1_344' title='bbox 1503 2269 1602 2312; x_wconf 77' lang='lat' dir='ltr'>fieri</span> <span class='ocrx_word' id='word_1_345' title='bbox 1630 2282 1706 2310; x_wconf 85' lang='lat' dir='ltr'>ue-</span> 
     </span>
     <span class='ocr_line' id='line_1_38' title="bbox 224 2324 1705 2394; baseline -0.005 -20"><span class='ocrx_word' id='word_1_346' title='bbox 224 2333 346 2389; x_wconf 86' lang='lat' dir='ltr'>quit,</span> <span class='ocrx_word' id='word_1_347' title='bbox 408 2332 645 2375; x_wconf 83' lang='lat' dir='ltr'>ertineant.</span> <span class='ocrx_word' id='word_1_348' title='bbox 692 2330 771 2373; x_wconf 92' lang='lat' dir='ltr'>llli</span> <span class='ocrx_word' id='word_1_349' title='bbox 791 2330 846 2371; x_wconf 85' lang='lat' dir='ltr'>ab</span> <span class='ocrx_word' id='word_1_350' title='bbox 866 2331 1069 2372; x_wconf 83' lang='lat' dir='ltr'>omnibus</span> <span class='ocrx_word' id='word_1_351' title='bbox 1088 2335 1290 2394; x_wconf 79' lang='lat' dir='ltr'>receptae</span> <span class='ocrx_word' id='word_1_352' title='bbox 1310 2327 1558 2370; x_wconf 79' lang='lat' dir='ltr'>sententiae</span> <span class='ocrx_word' id='word_1_353' title='bbox 1579 2324 1705 2383; x_wconf 89' lang='lat' dir='ltr'>quid·</span> 
     </span>
     <span class='ocr_line' id='line_1_39' title="bbox 226 2383 1706 2446; baseline -0.004 -17"><span class='ocrx_word' id='word_1_354' title='bbox 226 2404 324 2431; x_wconf 83' lang='lat' dir='ltr'>nam</span> <span class='ocrx_word' id='word_1_355' title='bbox 354 2404 378 2431; x_wconf 92' lang='grc' dir='ltr'>ο</span> <span class='ocrx_word' id='word_1_356' title='bbox 412 2394 524 2443; x_wconf 80' lang='lat' dir='ltr'>stet,</span> <span class='ocrx_word' id='word_1_357' title='bbox 566 2403 698 2446; x_wconf 91' lang='lat' dir='ltr'>quum</span> <span class='ocrx_word' id='word_1_358' title='bbox 720 2387 774 2430; x_wconf 87' lang='lat' dir='ltr'>de</span> <span class='ocrx_word' id='word_1_359' title='bbox 794 2387 987 2442; x_wconf 87' lang='lat' dir='ltr'>singulis</span> <span class='ocrx_word' id='word_1_360' title='bbox 1017 2401 1134 2429; x_wconf 66' lang='lat' dir='ltr'>voce.</span> <span class='ocrx_word' id='word_1_361' title='bbox 1160 2385 1469 2443; x_wconf 74' lang='lat' dir='ltr'>disputavero,</span> <span class='ocrx_word' id='word_1_362' title='bbox 1510 2383 1706 2425; x_wconf 81' lang='lat' dir='ltr'>afferam.</span> 
     </span>
     <span class='ocr_line' id='line_1_40' title="bbox 227 2439 1704 2502; baseline -0.005 -17"><span class='ocrx_word' id='word_1_363' title='bbox 227 2447 681 2502; x_wconf 62' lang='lat' dir='ltr'>oirpmccpax).1;.‘}1}vac]</span> <span class='ocrx_word' id='word_1_364' title='bbox 710 2445 934 2501; x_wconf 85' lang='lat' dir='ltr'>Loquutio</span> <span class='ocrx_word' id='word_1_365' title='bbox 956 2441 1226 2499; x_wconf 73' lang='grc' dir='ltr'>παρακαλέω</span> <span class='ocrx_word' id='word_1_366' title='bbox 1254 2441 1350 2484; x_wconf 72' lang='grc' dir='ltr'>τινά</span> <span class='ocrx_word' id='word_1_367' title='bbox 1382 2442 1424 2483; x_wconf 90' lang='lat' dir='ltr'>in</span> <span class='ocrx_word' id='word_1_368' title='bbox 1450 2439 1507 2485; x_wconf 81' lang='lat' dir='ltr'>N.</span> <span class='ocrx_word' id='word_1_369' title='bbox 1530 2440 1589 2483; x_wconf 87' lang='grc' dir='ltr'>Τ.</span> <span class='ocrx_word' id='word_1_370' title='bbox 1621 2452 1704 2480; x_wconf 88' lang='lat' dir='ltr'>non</span> 
     </span>
     <span class='ocr_line' id='line_1_41' title="bbox 227 2497 1704 2555; baseline -0.004 -14"><span class='ocrx_word' id='word_1_371' title='bbox 227 2502 370 2543; x_wconf 86' lang='lat' dir='ltr'>solum</span> <span class='ocrx_word' id='word_1_372' title='bbox 398 2509 520 2544; x_wconf 83' lang='lat' dir='ltr'>notat</span> <span class='ocrx_word' id='word_1_373' title='bbox 548 2517 738 2555; x_wconf 80' lang='lat' dir='ltr'>arcesso,</span> <span class='ocrx_word' id='word_1_374' title='bbox 776 2503 951 2550; x_wconf 71' lang='lat' dir='ltr'>advoco,</span> <span class='ocrx_word' id='word_1_375' title='bbox 994 2501 1148 2547; x_wconf 70' lang='lat' dir='ltr'>invito,</span> <span class='ocrx_word' id='word_1_376' title='bbox 1191 2513 1356 2549; x_wconf 66' lang='grc' dir='ltr'>ηιοηθο,</span> <span class='ocrx_word' id='word_1_377' title='bbox 1396 2512 1496 2554; x_wconf 74' lang='lat' dir='ltr'>royo</span> <span class='ocrx_word' id='word_1_378' title='bbox 1522 2497 1704 2552; x_wconf 77' lang='lat' dir='ltr'>aliquem</span> 
     </span>
     <span class='ocr_line' id='line_1_42' title="bbox 228 2549 1707 2617; baseline -0.003 -18"><span class='ocrx_word' id='word_1_379' title='bbox 228 2571 379 2600; x_wconf 76' lang='lat' dir='ltr'>verum</span> <span class='ocrx_word' id='word_1_380' title='bbox 408 2559 538 2601; x_wconf 86' lang='lat' dir='ltr'>etiam</span> <span class='ocrx_word' id='word_1_381' title='bbox 566 2559 805 2617; x_wconf 87' lang='lat' dir='ltr'>ampliores</span> <span class='ocrx_word' id='word_1_382' title='bbox 834 2556 1044 2614; x_wconf 84' lang='lat' dir='ltr'>quosdam</span> <span class='ocrx_word' id='word_1_383' title='bbox 1075 2557 1185 2597; x_wconf 77' lang='lat' dir='ltr'>fines</span> <span class='ocrx_word' id='word_1_384' title='bbox 1216 2571 1266 2597; x_wconf 85' lang='lat' dir='ltr'>eo</span> <span class='ocrx_word' id='word_1_385' title='bbox 1298 2561 1423 2597; x_wconf 85' lang='lat' dir='ltr'>nacta</span> <span class='ocrx_word' id='word_1_386' title='bbox 1453 2560 1546 2606; x_wconf 84' lang='lat' dir='ltr'>est,</span> <span class='ocrx_word' id='word_1_387' title='bbox 1589 2549 1707 2607; x_wconf 79' lang='lat' dir='ltr'>qnod</span> 
     </span>
     <span class='ocr_line' id='line_1_43' title="bbox 227 2609 1706 2670; baseline -0.006 -14"><span class='ocrx_word' id='word_1_388' title='bbox 227 2614 308 2656; x_wconf 87' lang='lat' dir='ltr'>hoc</span> <span class='ocrx_word' id='word_1_389' title='bbox 335 2630 373 2657; x_wconf 78' lang='lat' dir='ltr'>s,</span> <span class='ocrx_word' id='word_1_390' title='bbox 406 2622 548 2658; x_wconf 88' lang='lat' dir='ltr'>mente</span> <span class='ocrx_word' id='word_1_391' title='bbox 579 2617 916 2658; x_wconf 69' lang='lat' dir='ltr'>inforinaretm:</span> <span class='ocrx_word' id='word_1_392' title='bbox 955 2614 1183 2670; x_wconf 80' lang='lat' dir='ltr'>alloquium</span> <span class='ocrx_word' id='word_1_393' title='bbox 1212 2613 1269 2654; x_wconf 82' lang='lat' dir='ltr'>ad</span> <span class='ocrx_word' id='word_1_394' title='bbox 1296 2613 1478 2670; x_wconf 70' lang='lat' dir='ltr'>aliquem</span> <span class='ocrx_word' id='word_1_395' title='bbox 1505 2609 1706 2659; x_wconf 69' lang='lat' dir='ltr'>diriqere,</span> 
     </span>
     <span class='ocr_line' id='line_1_44' title="bbox 228 2663 1707 2729; baseline -0.003 -13"><span class='ocrx_word' id='word_1_396' title='bbox 228 2673 309 2716; x_wconf 75' lang='lat' dir='ltr'>eine</span> <span class='ocrx_word' id='word_1_397' title='bbox 339 2674 620 2724; x_wconf 62' lang='lat' dir='ltr'>i‘Inp‘vrncbc</span> <span class='ocrx_word' id='word_1_398' title='bbox 650 2688 700 2720; x_wconf 70' lang='lat' dir='ltr'>an</span> <span class='ocrx_word' id='word_1_399' title='bbox 729 2676 883 2729; x_wconf 68' lang='lat' dir='ltr'>jemanb</span> <span class='ocrx_word' id='word_1_400' title='bbox 908 2675 1071 2722; x_wconf 73' lang='lat' dir='ltr'>ricbtcn,</span> <span class='ocrx_word' id='word_1_401' title='bbox 1102 2672 1321 2724; x_wconf 57' lang='lat' dir='ltr'>jcnmnrem</span> <span class='ocrx_word' id='word_1_402' title='bbox 1341 2672 1516 2725; x_wconf 59' lang='lat' dir='ltr'>gut-eben.</span> <span class='ocrx_word' id='word_1_403' title='bbox 1636 2663 1707 2704; x_wconf 70' lang='lat' dir='ltr'>uod</span> 
     </span>
     <span class='ocr_line' id='line_1_45' title="bbox 228 2724 1706 2785; baseline -0.007 -16"><span class='ocrx_word' id='word_1_404' title='bbox 228 2742 360 2784; x_wconf 86' lang='lat' dir='ltr'>quum</span> <span class='ocrx_word' id='word_1_405' title='bbox 388 2728 482 2769; x_wconf 80' lang='lat' dir='ltr'>lieri</span> <span class='ocrx_word' id='word_1_406' title='bbox 515 2731 657 2785; x_wconf 73' lang='lat' dir='ltr'>possit</span> <span class='ocrx_word' id='word_1_407' title='bbox 687 2729 958 2779; x_wconf 75' lang='lat' dir='ltr'>consolando,</span> <span class='ocrx_word' id='word_1_408' title='bbox 1008 2727 1290 2775; x_wconf 70' lang='lat' dir='ltr'>admonendo,</span> <span class='ocrx_word' id='word_1_409' title='bbox 1327 2724 1578 2768; x_wconf 68' lang='lat' dir='ltr'>corroborat»</span> <span class='ocrx_word' id='word_1_410' title='bbox 1611 2736 1633 2761; x_wconf 92' lang='lat' dir='ltr'>o</span> <span class='ocrx_word' id='word_1_411' title='bbox 1663 2727 1706 2760; x_wconf 79' lang='lat' dir='ltr'>et</span> 
     </span>
     <span class='ocr_line' id='line_1_46' title="bbox 225 2776 1705 2838; baseline -0.005 -12"><span class='ocrx_word' id='word_1_412' title='bbox 225 2785 482 2827; x_wconf 72' lang='lat' dir='ltr'>instituendo</span> <span class='ocrx_word' id='word_1_413' title='bbox 507 2785 774 2838; x_wconf 55' lang='grc' dir='ltr'>[ηιμ-Μαλέων</span> <span class='ocrx_word' id='word_1_414' title='bbox 799 2783 892 2828; x_wconf 64' lang='lat' dir='ltr'>arci</span> <span class='ocrx_word' id='word_1_415' title='bbox 919 2785 1117 2825; x_wconf 73' lang='lat' dir='ltr'>declarat</span> <span class='ocrx_word' id='word_1_416' title='bbox 1153 2782 1277 2825; x_wconf 79' lang='lat' dir='ltr'>inodo</span> <span class='ocrx_word' id='word_1_417' title='bbox 1309 2780 1496 2823; x_wconf 76' lang='lat' dir='ltr'>consolor</span> <span class='ocrx_word' id='word_1_418' title='bbox 1525 2776 1705 2832; x_wconf 71' lang='lat' dir='ltr'>[Matth.</span> 
     </span>
     <span class='ocr_line' id='line_1_47' title="bbox 228 2833 1704 2897; baseline -0.004 -14"><span class='ocrx_word' id='word_1_419' title='bbox 228 2841 269 2891; x_wconf 80' lang='lat'>5,</span> <span class='ocrx_word' id='word_1_420' title='bbox 283 2841 346 2897; x_wconf 81' lang='lat'>4.]</span> <span class='ocrx_word' id='word_1_421' title='bbox 368 2840 495 2883; x_wconf 74' lang='lat' dir='ltr'>modo</span> <span class='ocrx_word' id='word_1_422' title='bbox 516 2843 716 2884; x_wconf 53' lang='lat' dir='ltr'>mammon</span> <span class='ocrx_word' id='word_1_423' title='bbox 739 2845 862 2897; x_wconf 71' lang='lat' dir='ltr'>[Act.</span> <span class='ocrx_word' id='word_1_424' title='bbox 882 2843 923 2890; x_wconf 82' lang='lat'>2,</span> <span class='ocrx_word' id='word_1_425' title='bbox 936 2843 1028 2890; x_wconf 52' lang='lat'>40]</span> <span class='ocrx_word' id='word_1_426' title='bbox 1043 2875 1052 2891; x_wconf 84' lang='lat'><em>,</em></span> <span class='ocrx_word' id='word_1_427' title='bbox 1086 2839 1210 2881; x_wconf 81' lang='lat' dir='ltr'>modo</span> <span class='ocrx_word' id='word_1_428' title='bbox 1232 2837 1448 2880; x_wconf 62' lang='lat' dir='ltr'>‹vn-robom</span> <span class='ocrx_word' id='word_1_429' title='bbox 1474 2836 1517 2888; x_wconf 79' lang='lat'>11</span> <span class='ocrx_word' id='word_1_430' title='bbox 1538 2833 1704 2877; x_wconf 70' lang='lat' dir='ltr'>Thess.</span> 
     </span>
    </p>
   </div>
   <div class='ocr_carea' id='block_1_3' title="bbox 1576 2891 1705 2940">
    <p class='ocr_par' dir='ltr' id='par_1_3' title="bbox 1576 2891 1705 2940">
     <span class='ocr_line' id='line_1_48' title="bbox 1576 2891 1705 2940; baseline 0.016 -10"><span class='ocrx_word' id='word_1_431' title='bbox 1576 2891 1615 2935; x_wconf 79' lang='lat'>3,</span> <span class='ocrx_word' id='word_1_432' title='bbox 1629 2892 1705 2940; x_wconf 49' lang='lat'>24,</span> 
     </span>
    </p>
   </div>
  </div>
 </body>
</html>
