1752 3347
133 191 216 231 166
412 188 789 233 EPISTOLA
822 192 925 233 AD
959 187 1320 235 ROMANOS

133 297 500 346 gumentationem
522 295 694 354 respuit
714 311 755 340 v.
774 297 818 339 6.
847 309 888 340 v,
915 311 944 349 μ
962 296 972 310 “
1004 294 1189 350 γένοιτο.
1248 294 1455 353 Denique
1487 314 1529 344 v.
1556 301 1601 344 8.

133 355 177 391 et
194 352 237 393 9.
258 350 338 392 hac
359 353 722 410 interpretatione
751 352 859 395 inita
895 353 1050 394 meins
1078 351 1212 395 vincti
1240 356 1367 406 sunt,
1407 366 1534 409 quam
1562 358 1602 399 si

132 404 255 448 illam
278 414 489 463 sequutus
510 409 590 452 sis.
648 408 795 450 Totus
815 410 848 452 l.
872 409 932 451 ita
963 414 1241 466 comparatus
1270 415 1362 452 cst:
1400 410 1603 466 Alioquin

125 461 342 518 judicium
358 466 479 508 Deus
496 466 547 507 de
564 465 801 508 hominibus
818 465 974 508 habere
993 481 1075 508 non
1090 467 1245 521 poterit
1265 468 1326 522 (v,
1342 467 1425 518 6.).
1483 467 1600 510 Nam

134 518 174 560 si
198 518 288 561 Dei
327 521 542 563 veracitas
579 536 674 564 meo
712 522 955 579 peccatoris
988 522 1214 564 mendacio
1246 522 1416 564 abunde
1445 522 1489 563 in
1516 522 1604 566 Dei

132 574 306 617 laudem
334 579 494 632 cessit,
538 593 616 620 cur
643 577 784 620 adhue
818 594 897 635 ego
927 594 1126 636 quoque,
1168 578 1357 634 Paulus,
1396 584 1603 636 tanquam

134 631 261 673 homo
281 633 557 678 facinorosus
578 636 632 678 ab
652 636 902 678 hominibus
922 652 1025 679 reus
1044 651 1151 692 agor
1170 641 1214 678 et
1238 651 1314 678 cur
1342 651 1451 688 non,
1491 636 1605 679 sicut

131 689 276 731 facere
328 706 376 732 cr
397 693 705 735 contumeliam
729 707 893 749 arguor
912 699 955 736 et
983 695 1097 736 sicut
1125 694 1322 737 nonnulli
1351 708 1418 736 me
1449 691 1605 735 docere

132 704 425 803 conteniiunt,
455 751 569 792 mala
586 754 816 808 perpetro,
856 755 904 792 ut
923 757 1148 805 emergant
1167 746 1310 793 bona?
1345 749 1602 810 Cujusmodi

134 802 329 846 homines
353 806 507 848 merito
563 821 697 849 oenas
724 806 904 851 dabunt.
964 807 1114 863 Quare
1143 808 1380 864 apagogica
1410 809 1503 865 Ap.
1532 821 1604 848 ar-

131 862 404 911 gumentatio
426 865 488 906 sic
510 821 725 907 ‹ilicum-it:
752 864 872 921 falsa
892 868 959 906 est
983 865 1199 906 sententia
1228 879 1268 907 v.
1289 866 1331 906 5.
1361 864 1604 921 proposita,

130 915 295 974 injuria
319 919 464 962 Deum
483 921 680 964 homines
701 921 924 978 improbos
945 922 1100 978 punire
1115 954 1126 974 ,
1159 920 1362 977 quoniam
1386 920 1603 962 hominum

131 973 327 1029 pravitas
359 975 449 1019 Dei
487 978 763 1020 sanctitatem
801 978 963 1019 claram
1002 979 1311 1032 illustremque
1341 975 1497 1018 reddat
1524 975 1604 1033 (μὴ

131 1028 302 1083 γένοιτο
327 1047 368 1078 v.
390 1034 471 1090 6.).
530 1033 656 1092 Quae
688 1035 728 1076 si
752 1048 855 1077 vera
886 1035 945 1075 sit
963 1033 1179 1088 judicium
1202 1034 1324 1076 Dens
1348 1035 1399 1075 de
1427 1033 1604 1075 homini-

132 1085 210 1127 hus
228 1103 526 1133 e.rercerenon
555 1091 712 1147 poterit
744 1093 814 1147 (ν.
846 1092 920 1145 6.)
950 1091 1070 1145 idque
1096 1095 1353 1146 propterea,
1383 1089 1522 1146 quod,
1565 1091 1604 1131 si

132 1141 219 1184 Dei
240 1144 347 1188 tides
368 1149 481 1190 mala
507 1148 752 1205 peccatoris
773 1146 857 1188 fide
889 1146 1170 1199 nobilitetur,
1209 1158 1390 1188 omnes
1418 1160 1607 1200 pecca·

132 1204 276 1243 tores
294 1204 418 1259 culpe?
437 1209 630 1257 careant,
662 1208 710 1246 ut
733 1203 808 1260 qui
827 1203 1097 1245 facinoribus
1117 1203 1209 1244 suis
1221 1202 1307 1244 Dei
1328 1202 1483 1245 honori
1505 1217 1605 1244 con·-

130 1256 280 1299 sulant
302 1265 345 1301 et
366 1261 477 1303 nihil
498 1275 655 1303 causae
677 1261 760 1313 sit,
799 1275 876 1302 cur
907 1275 989 1315 ego
1022 1274 1194 1316 quoque
1216 1258 1294 1314 P.‚
1337 1260 1375 1300 si
1405 1264 1494 1301 tam
1526 1260 1605 1301 im-

128 1313 294 1369 probus
328 1317 432 1369 sim,
482 1332 610 1373 quam
640 1317 842 1359 nonnulli
871 1332 939 1359 me
967 1332 1065 1359 esse
1096 1317 1412 1358 contumeliose
1442 1315 1606 1370 dicunt,

128 1368 269 1413 adhuc
298 1373 352 1413 ab
390 1374 639 1416 hominibus
680 1374 848 1432 culper.
917 1374 1097 1416 Liceret
1135 1375 1248 1415 enim
1292 1373 1399 1414 mihi
1437 1374 1605 1415 scelera

127 1425 284 1480 edere,
327 1435 376 1471 ut
404 1430 516 1472 bona
546 1437 832 1473 nascerentur
860 1430 891 1474 i.
919 1446 957 1474 e.
987 1437 1036 1473 ut
1064 1430 1152 1473 Dei
1184 1430 1322 1472 honos
1351 1436 1604 1485 augeretur.

127 1481 253 1537 Quae
293 1487 496 1541 quoniam
534 1487 725 1530 absurda
767 1502 866 1531 esse
892 1503 1018 1530 nemo
1051 1502 1136 1529 non
1164 1487 1285 1529 videt
1315 1486 1506 1529 absurda
1536 1492 1606 1528 est

125 1541 257 1582 etiam
279 1545 498 1586 sententia
515 1559 556 1588 v.
576 1545 634 1598 5.,
667 1559 777 1601 quae
795 1548 917 1586 tanta
942 1544 1107 1598 flagitia
1129 1549 1261 1642 ειᾞιιο
1281 1548 1484 1600 portenta
1507 1544 1604 1585 sun-

126 1595 217 1640 dat.
275 1597 422 1641 Minus
445 1601 727 1658 simpliciter,
757 1600 834 1643 sed
860 1600 1146 1642 artificiosius
1211 1633 1221 1644 .
1255 1601 1469 1642 rationem
1499 1615 1602 1642 cou-

126 1654 328 1707 cluserit‚
359 1657 398 1697 si
422 1671 463 1701 v.
484 1658 526 1700 7.
549 1655 588 1699 εἰ
611 1657 670 1700 δέ
689 1659 814 1713 legas
834 1660 895 1713 (v.
917 1659 1089 1715 supra).
1151 1656 1264 1699 Nam
1286 1663 1377 1699 tum
1392 1658 1485 1714 Ap.
1505 1664 1604 1699 ve'r-

125 1709 195 1752 bis
213 1725 254 1754 v.
276 1713 319 1755 6.
339 1711 438 1755 ἐπεὶ
459 1739 512 1744 -—
536 1711 613 1754 τὸν
633 1710 821 1766 mimum,-
852 1719 1111 1769 argumento
1140 1715 1382 1783 apagogico
1412 1715 1605 1756 sustule-

124 1767 185 1808 rit
205 1781 245 1811 τ’.
267 1783 308 1812 v,
331 1769 373 1812 5.
394 1767 455 1825 w)
484 1763 637 1820 ἄδικος
667 1768 690 1812 ὃ
720 1768 830 1820 θεὸς
862 1767 884 1812 ὃ
917 1770 1146 1827 ἐπιφέρων
1172 1770 1250 1826 τὴν
1280 1772 1437 1826 οργήη
1479 1785 1605 1813 voca-

125 1822 244 1866 bulis
264 1831 407 1868 autem
428 1841 469 1870 v.
491 1827 534 1869 7.
555 1824 594 1869 εἰ
616 1827 672 1869 δὲ
694 1822 717 1882 ἢ
741 1824 937 1884 ἀλήθεια
956 1845 992 1870 κ.
1015 1843 1051 1869 τ.
1076 1828 1113 1869 λ.
1139 1827 1193 1868 ad
1212 1843 1253 1871 v.
1276 1829 1317 1870 5.
1347 1827 1387 1869 εἰ
1420 1829 1467 1869 δὲ
1488 1853 1539 1858 —
1559 1826 1606 1869 τί

126 1877 334 1936 ἕροῦμεν,·
365 1897 572 1925 reversus
605 1884 868 1925 sententiani
902 1885 972 1926 his
999 1899 1040 1928 v.
1071 1885 1340 1926 enuntiatam
1375 1883 1604 1926 indirectis

122 1936 370 1981 rationibus
394 1940 604 1982 everterit
624 1940 667 1991 h,
688 1955 767 1983 m.:
799 1939 848 1983 Si
869 1946 1012 1982 autem
1038 1946 1187 1982 nostra
1221 1941 1492 1998 perversitas
1518 1941 1604 1982 Dei

123 1995 402 2037 sanctitatem
421 1996 601 2053 probat,
635 2011 735 2039 num
757 1997 964 2055 injuriam
988 1998 1094 2039 facit
1114 1997 1240 2040 Deus
1261 2012 1425 2055 poenas
1446 1997 1498 2039 de
1525 1998 1605 2040 im-

122 2051 275 2107 probis
303 2053 552 2095 hominibus
583 2050 795 2110 capiens?
821 2080 867 2086 —
901 2060 963 2110 (v,
985 2054 1050 2108 5.)
1079 2053 1261 2097 Minime
1290 2069 1411 2098 vero.
1470 2055 1603 2097 Alio·

122 2108 229 2163 quin
252 2108 461 2165 judicium
482 2110 535 2152 de
556 2110 805 2152 hominibus
826 2125 1031 2152 exercere
1053 2110 1177 2153 Deus
1199 2126 1283 2153 non
1305 2113 1492 2169 poterit,
1525 2112 1603 2153 ho-

122 2158 262 2207 mines
301 2168 463 2219 malos,
518 2167 591 2223 qui
634 2168 712 2208 hoc
743 2172 871 2224 pacto
903 2167 990 2209 Dei
1022 2168 1293 2228 majestatem
1325 2169 1602 2226 conspicuam

122 2221 377 2276 redderent,
407 2223 615 2280 puniendi
638 2229 860 2281 potestate
881 2224 1023 2267 demta
1049 2240 1089 2268 v.
1111 2227 1170 2268 6..
1230 2226 1396 2282 (Atqui
1419 2226 1497 2267 hoc
1526 2239 1602 2266 ex-

122 2277 321 2321 istimare
339 2280 576 2322 absurdum
601 2286 694 2332 est3
728 2295 812 2322 non
833 2282 971 2336 igitur
993 2281 1198 2341 injuriam
1223 2282 1345 2324 Deus
1367 2283 1470 2323 facit
1498 2296 1602 2340 poe-

122 2348 201 2376 nas
223 2351 245 2377 a
268 2338 532 2379 facinorosis
555 2337 804 2379 bominibus
825 2344 1064 2396 expetens3
1095 2339 1150 2382 cf.
1169 2354 1210 2382 v·
1235 2340 1277 2382 5.
1298 2335 1359 2394 μή
1380 2333 1601 2389 ἄδικος-

121 2390 200 2446 τὴν
223 2389 401 2449 ὅργήη)
431 2395 479 2436 Si
501 2400 642 2436 aurem
668 2393 752 2436 Dei
776 2396 994 2437 veracitas
1017 2410 1111 2437 meo
1144 2397 1388 2453 peccatoris
1424 2395 1602 2437 menda-

119 2447 187 2488 cio
208 2449 251 2490 in
272 2452 388 2493 clara
412 2452 507 2493 luce
538 2451 681 2508 posita
715 2451 759 2493 in
780 2452 867 2495 Dei
897 2451 1071 2494 laudem
1101 2453 1256 2502 vertit,
1287 2453 1511 2509 sequitur,
1539 2457 1602 2506 ut,

122 2517 253 2560 quun}
295 2522 418 2550 nemo
449 2508 504 2550 ob
532 2509 762 2550 commissa
798 2514 973 2566 peccata
1002 2515 1119 2551 recte
1152 2510 1505 2566 perstringatur,
1549 2524 1600 2551 ne

121 2575 202 2614 ego
225 2563 397 2618 quidem
420 2565 472 2608 P.
493 2569 698 2621 tanquam
719 2565 846 2608 homo
868 2566 1122 2625 malusjure
1145 2568 1186 2607 in
1218 2566 1418 2608 'iulicinin
1446 2566 1502 2607 ab
1524 2567 1598 2607 ho-

121 2619 310 2661 minibus
333 2635 459 2662 vocer
478 2623 696 2678 liceatque
717 2623 846 2675 mihi,
888 2622 1003 2679 quod
1035 2638 1100 2664 me
1131 2630 1172 2665 et
1220 2638 1345 2665 acere.
1373 2631 1413 2665 et
1445 2622 1598 2664 docere

154 2690 201 2716 er
240 2679 544 2720 contunwlizun
585 2680 784 2721 nonnulli
825 2686 1040 2735 arguunt,
1084 2681 1195 2721 mala
1229 2685 1509 2738 perpetrare,
1550 2683 1596 2719 ut

121 2691 231 2774 lione«
257 2741 542 2775 nascerentur
570 2736 599 2778 i.
629 2751 669 2779 e.
700 2741 746 2778 ut
779 2736 920 2779 Deum
952 2737 1118 2779 honore
1146 2739 1366 2779 afficerem
1395 2752 1435 2779 v.
1466 2735 1507 2776 7.
1535 2735 1595 2777 8..

117 2791 207 2843 (At
252 2791 357 2831 haec
386 2805 560 2846 quoqne
590 2792 810 2844 absurdag
851 2808 935 2835 non
963 2793 1101 2848 igitur
1129 2809 1277 2836 verum
1310 2799 1400 2841 ost,
1437 2791 1595 2832 malam

116 2847 332 2890 hominum
354 2845 481 2900 fidem
498 2880 509 2896 ,
546 2862 593 2888 co
615 2851 725 2903 quod
748 2850 833 2893 Dei,
861 2850 989 2903 fidem
1021 2851 1238 2901 nobilitet,
1279 2851 1433 2891 honore
1458 2847 1595 2889 nem„
