1752 3347
189 211 247 254 90
474 209 848 253 EPlSTOLA
886 209 1380 255 ADROMANOS

188 319 387 371 tassent,
426 321 475 359 ut
510 315 553 358 id
584 316 726 374 ipsum
755 317 975 373 integrum
1003 332 1106 360 esse
1131 317 1331 360 sinerent
1389 316 1472 359 uod
1501 317 1657 360 tollere

187 370 503 416 decrevissent.
564 372 860 429 Quamobrem
881 374 945 416 sic
969 374 1199 427 existimo,
1227 374 1342 416 faeta
1358 331 1531 416 demum
1562 374 1657 426 illa,

186 445 317 487 quam
340 429 542 473 Isidorus
564 436 789 482 memorat,
811 431 1150 489 interpolatione
1171 431 1420 482 nonnullos,
1451 445 1582 486 quum
1602 430 1656 471 de

185 487 381 539 ratione,
413 500 524 542 quae
556 486 671 529 inter
690 485 857 530 Isidori
886 489 1115 531 lectionem
1146 494 1189 530 et
1215 488 1439 541 vulgatam
1467 487 1658 528 interce-

185 543 338 596 deret,
368 543 812 601 philosopharentur,
844 544 886 586 in
906 545 1020 587 hunc
1041 559 1228 588 errorem
1246 543 1445 586 inductos
1463 557 1583 595 esse,
1608 549 1658 584 ut

185 615 237 644 eo
259 600 368 642 hanc
389 600 466 640 illa
489 599 834 658 praeponderari
853 603 1165 660 opinarentur,
1196 600 1311 658 quod
1333 615 1464 657 quum
1483 600 1527 641 in
1549 599 1658 640 scri-

184 658 315 716 ptura
337 656 515 711 vulgata
538 658 650 700 male
671 659 732 713 τῷ
754 660 1028 701 συνευδοκεῖν
1049 659 1189 719 major
1217 658 1410 712 dignitas
1438 656 1658 699 tribuere-

183 720 283 766 tur,
314 727 443 769 quam
462 717 525 768 τῷ
545 717 709 762 ποιεῖν,
741 715 880 756 altera
905 716 1035 757 lectio
1067 722 1182 758 recte
1211 716 1389 771 gravius
1415 715 1579 755 faceret
1607 710 1657 754 τὸ

182 772 330 812 ποιεῖν
360 770 436 824 (cf.
467 769 619 825 Isid.).
678 769 816 814 Immo
847 773 1205 830 interpolationis
1235 786 1411 814 causam
1441 777 1485 813 et
1517 771 1659 812 incre-

181 830 327 869 menta
348 827 460 868 satis
481 826 718 871 ostendunt
738 829 959 872 variantes
982 831 1211 874 lectiones,
1270 828 1384 871 Nam
1405 828 1517 870 hunc
1537 828 1569 870 l.
1592 827 1658 868 in-

181 883 405 942 terpolare
425 888 666 943 coeperunt
696 885 771 942 qui
803 901 935 942 quum
964 886 1112 929 εἰσίν
1138 901 1218 944 pro
1249 885 1408 938 verbo,
1447 900 1472 925 a
1503 899 1588 940 quo
1616 898 1659 926 v.

182 938 235 983 οὐ
265 937 400 995 μόνον
432 957 470 982 κ.
510 957 546 983 τ.
590 941 627 983 λ.
663 944 1060 999 suspenderentur,
1099 944 1211 985 male
1242 942 1526 991 habuissent,
1576 953 1657 996 pro

181 998 394 1040 ποιοῦσιν
421 1001 466 1039 et
492 998 805 1042 συνευδοκοῦσι
834 1000 1038 1053 Dativis,
1072 1006 1121 1041 ut
1152 999 1469 1056 opinabantur,
1500 996 1657 1040 Nomi-

179 1054 354 1097 nativos
375 1057 610 1103 ποιοῦντες
627 1059 672 1096 et
691 1058 1051 1105 συνεινὸοκοῦντες
1074 1060 1311 1098 exararent
1332 1055 1413 1110 (ita
1435 1053 1528 1109 B.).
1589 1053 1658 1096 At

179 1110 291 1153 hanc
311 1111 576 1170 scripturam
598 1111 708 1154 ferri
730 1127 814 1154 non
836 1128 993 1171 posse,
1024 1112 1141 1168 quod
1172 1113 1215 1154 in
1241 1113 1289 1154 ea
1313 1111 1550 1155 Articulus
1576 1110 1657 1166 (cs.

179 1182 222 1212 v.
246 1165 297 1210 οὶ
317 1168 372 1210 τὰ
391 1171 578 1211 τοιαῦτα
598 1167 892 1224 πράσσοντες)
911 1169 1118 1213 deficeret
1141 1184 1238 1211 mox
1270 1169 1542 1211 intellectum
1571 1173 1656 1210 est.

177 1229 339 1288 Itaque
375 1231 456 1274 alii
494 1232 574 1274 hoc
614 1235 769 1277 vitium
798 1233 1071 1278 emendaturi
1104 1233 1154 1276 οὐ
1184 1232 1319 1287 μόνον
1348 1228 1391 1275 οἱ.
1426 1231 1658 1280 ποιοῦντες

180 1291 317 1344 αὐτὰ,
350 1290 462 1336 ἀλλὰ
482 1293 555 1336 καὶ
573 1289 618 1337 οἱ
648 1298 1010 1348 σωιευδοκοῦντες
1039 1294 1254 1339 dederunt
1282 1296 1359 1350 (cf.
1382 1291 1494 1336 Isid.
1521 1293 1553 1335 l.
1582 1291 1655 1346 1.).

177 1352 349 1396 Verum
373 1367 427 1395 ne
455 1353 517 1395 sic
549 1353 727 1411 quidem
759 1357 884 1397 locus
913 1355 1120 1397 turbatus
1151 1355 1195 1396 in
1228 1352 1426 1395 ordinem
1450 1348 1656 1392 redactus

178 1415 293 1455 erat.
351 1409 521 1452 Deerat
543 1412 657 1454 enim
679 1412 827 1454 verbis
851 1414 1060 1455 ποιοῦσιν
1081 1417 1126 1454 et
1154 1411 1470 1453 συνευδοκοῦσι
1503 1407 1655 1449 subla-

179 1468 239 1510 tis
261 1467 505 1509 sententiae
524 1468 770 1526 principale
788 1469 967 1512 verbum
991 1473 1091 1527 post
1114 1466 1376 1523 ἐπιγνόντες.
1438 1464 1588 1520 Quare
1611 1463 1658 1507 id

178 1538 353 1596 quoque
376 1523 595 1584 adjectum
624 1531 716 1579 est,
751 1533 794 1569 et
824 1525 999 1583 quidem
1025 1524 1147 1567 aliud
1178 1525 1232 1567 ab
1259 1523 1385 1566 aliis:
1425 1522 1485 1566 D.
1517 1521 1570 1565 E.
1602 1546 1656 1554 —

178 1577 454 1637 επιγνόντες,
488 1578 584 1625 οὖκ
607 1580 863 1640 ἐνόησαν,
896 1579 965 1623 ὅτι
986 1608 1054 1623 -.
1082 1586 1090 1637 Ι
1119 1582 1175 1625 G.
1197 1606 1249 1613 —
1273 1576 1536 1631 ἐπιγνόντες.
1561 1575 1655 1620 οὐκ

179 1633 458 1706 ἔγνωσαν,
520 1636 590 1681 ὅτι
629 1663 698 1682 —.
725 1645 731 1691 Ι
761 1639 829 1682 15.
873 1663 924 1670 -
967 1634 1237 1693 ἐπιγνόντες,
1298 1633 1360 1678 01>y
1402 1636 1655 1689 συνῆκαν,

180 1709 252 1736 οτι
283 1718 352 1737 -.
409 1693 746 1749 911301’.’11·1ε1110
771 1696 880 1738 satis
912 1696 1059 1750 arguit
1089 1693 1448 1751 interpolatores.
1509 1691 1654 1748 Quam

179 1750 391 1792 hactenus
421 1757 718 1809 persequutus
747 1767 842 1795 sum
870 1751 1282 1809 interpolationem,
1323 1748 1420 1807 ejus
1451 1763 1536 1790 non
1567 1748 1656 1790 nisi

177 1807 380 1863 singulas
400 1808 643 1866 particulas
666 1810 874 1856 exhibent
895 1808 1006 1853 cdd.
1035 1808 1207 1864 graeci,
1246 1805 1323 1849 sed
1353 1809 1571 1861 integram
1597 1805 1655 1849 lt.

187 1863 340 1920 Vuly.
369 1865 463 1921 (qni
479 1879 606 1922 quum
630 1865 858 1923 justitiam
880 1867 968 1910 Dea·
998 1865 1309 1922 reyneri-ssent,
1347 1878 1449 1906 non
1493 1862 1655 1905 intel-

175 1921 412 1965 lea-erun
426 1925 444 1962 t
462 1925 659 1978 quoniam
682 1923 754 1980 qni
772 1924 884 1966 talia
905 1927 1037 1979 ayunt
1057 1921 1174 1978 ‹liqm'
1193 1925 1294 1962 sunt
1315 1924 1473 1972 morte,
1503 1923 1556 1961 et
1572 1933 1655 1960 non

178 1978 426 2034 solumqui
447 1992 507 2021 ea
537 1978 783 2036 faciunt,
819 1980 895 2022 sed
922 1981 1056 2022 etiam
1085 1978 1175 2034 qui
1206 1977 1556 2019 consentiunt
1635 2002 1654 2009 -

178 2034 427 2090 cientibus.)
485 2034 712 2090 Cypriam,
743 2035 917 2093 Lucifi,
949 2037 1096 2092 Pelaq.
1117 2034 1284 2090 aliique
1302 2032 1395 2078 PP.
1415 2033 1546 2074 latini
1597 2033 1653 2076 cf.

177 2091 471 2134 Sabatierinm
493 2091 550 2134 ad
570 2093 614 2137 h.
633 2094 688 2150 l.)
707 2093 949 2138 continent.
1008 2091 1097 2135 Sed
1115 2091 1187 2134 vel
1207 2092 1411 2162 suppleto
1433 2090 1582 2147 aliquo
1610 2103 1654 2133 v·

211 2152 280 2190 ost
315 2143 569 2203 ἐπιγνόντες
606 2150 738 2192 nimis
767 2150 931 2193 nudum
963 2150 1106 2193 visum
1133 2154 1200 2191 est
1232 2164 1283 2190 ου
1311 2145 1446 2199 μόνον
1474 2163 1510 2187 κ.
1544 2161 1581 2187 τ.
1615 2145 1653 2187 λ.

177 2163 263 2250 gui
283 2204 398 2246 malo
422 2208 470 2246 ut
497 2205 776 2250 mederentur
804 2209 882 2249 alii
909 2207 1040 2249 aliam
1069 2206 1268 2264 copulam
1297 2203 1547 2246 liberaliter
1576 2200 1654 2244 ad-

179 2267 463 2321 sperserunt:
490 2261 563 2308 De
597 2262 649 2306 οὐ
665 2261 800 2317 μόνον
820 2261 916 2322 γάρ
938 2268 1027 2321 (W.
1048 2263 1256 2306 ποιοῖ-σιν
1277 2267 1319 2303 ct
1339 2259 1655 2302 συνευδοκοῖσι

177 2318 364 2362 retentis
384 2317 636 2377 majoreque
655 2320 936 2364 distinctione
961 2327 1060 2380 post
1085 2316 1197 2362 εἰσίν
1214 2318 1393 2373 locam:
1421 2316 1581 2360 46.71.
1603 2312 1655 2357 01'¹

178 2376 314 2429 μόνον
353 2375 409 2418 δὲ
445 2377 572 2432 (haec
604 2379 821 2436 particula
852 2385 944 2422 tum
976 2393 1070 2421 cum
1101 2375 1322 2433 scriptura
1354 2374 1531 2428 vulgata
1560 2379 1652 2415 tum

178 2447 276 2474 cum
296 2433 486 2476 lectione
510 2431 563 2477 οὶ
585 2449 718 2478 ποιο
735 2436 886 2485 ῦντες
908 2431 1042 2487 αὐτὰ,
1074 2429 1186 2475 ἀλλά
1210 2433 1285 2474 καί
1308 2428 1356 2474 οἱ
1387 2444 1449 2472 συ
1463 2445 1513 2472 νε
1528 2430 1654 2472 vde-

180 2489 465 2540 κοῦντεςτ.
486 2506 562 2548 πρ.
586 2492 812 2547 consistit)
835 2499 877 2534 et
909 2493 999 2534 καὶ
1029 2489 1080 2533 οὗ
1111 2486 1246 2542 μόνον
1277 2490 1360 2546 (ita
1400 2486 1547 2543 Vedq„
1571 2486 1652 2552 gui

179 2543 385 2603 deinceps
409 2543 457 2589 οἳ
483 2550 792 2599 ποιοῦντες
819 2548 954 2597 αι’-τὰ,
996 2545 1106 2591 ἀλλὰ
1135 2546 1208 2588 καὶ
1238 2543 1550 2588 συνευδοκο
1569 2558 1652 2584 υν-

180 2616 270 2651 τες
286 2617 325 2642 τ.
348 2617 421 2656 πρ.
455 2605 589 2660 legit,
626 2611 671 2649 et
691 2606 1040 2658 Ambrose'ctster,
1081 2603 1156 2660 qui
1188 2604 1397 2646 ποιοῦσιν
1426 2605 1470 2642 et
1498 2613 1652 2641 συνευ-

181 2657 363 2701 δοκοῦσι
385 2660 546 2704 retinet
567 2668 611 2705 et
629 2663 673 2707 h.
694 2665 726 2708 l.
750 2663 813 2705 sic
835 2663 993 2706 struit:
1025 2659 1128 2705 σῗτι
1147 2675 1199 2701 νε
1214 2674 1254 2709 ς,
1294 2675 1332 2700 τ.
1357 2660 1394 2702 ὁ.
1417 2673 1455 2698 τ.
1478 2658 1524 2697 θ.
1543 2652 1652 2725 ἑπιῖ

181 2716 353 2774 γνόντες
382 2718 469 2765 οὐκ
507 2722 757 2786 ἔγνωσαν,
808 2721 876 2767 ὅτι
894 2749 950 2755 -
970 2721 1102 2770 εἰσὶν,
1155 2719 1234 2766 καὶ
1261 2719 1318 2767 oz'r
1343 2715 1500 2779 μόνον
1524 2713 1649 2760 αι”ῑα

182 2786 431 2840 ποιοῦσιν,
471 2791 510 2832 ἀ.
536 2806 571 2831 κ.
595 2791 908 2836 συνευδοκοῦσι
928 2807 965 2833 τ.
991 2789 1105 2842 πῃ).
1165 2786 1290 2842 Quae
1314 2799 1444 2843 quum
1465 2782 1524 2823 ita
1547 2782 1650 2832 sint,

183 2845 377 2903 Minius,
409 2849 485 2907 qui
507 2847 630 2895 Prol.
657 2855 698 2906 ξ.
726 2853 823 2895 141.
860 2851 957 2896 142.
982 2850 1083 2895 800.
1114 2849 1214 2893 916.
1246 2853 1291 2889 et
1319 2844 1431 2887 alias
1452 2843 1651 2900 Aposto-
