1752 3347
576 188 735 235 GAP.
771 187 844 232 [Ι.
889 187 980 231 Vs.
1014 188 1071 230 l..
1502 180 1559 223 93

88 300 219 355 δίαις
237 300 426 357 αὐτῶν,
464 295 913 365 συμμαρτυρούσης
937 295 1104 343 αὐτῶν
1127 298 1211 356 τῆς
1238 287 1558 353 συνειδήσεως

88 369 174 420 καὶ
199 367 383 432 μεταξὺ
418 366 640 430 ἀλλήλων
668 373 771 416 τῶν
805 369 1057 432 λογισμῶν
1087 357 1501 428 κατηγορούντων
1528 358 1560 422 ἢ

87 438 173 487 καὶ
194 435 613 503 ἀπολογουμένων
642 438 717 485 16.
739 438 791 483 ἐν
815 433 995 497 ἡιιιέρᾳ,
1033 431 1111 479 ὅτε
1131 433 1288 493 κρινεῖ
1310 427 1334 477 5
1358 427 1476 482 θεὸς
1495 427 1559 476 τὰ

88 505 283 570 κρυπτὰ
302 511 403 553 τῶν
425 501 716 568 ἀνθρώπων
747 502 872 550 κατὰ
900 501 956 549 τὸ
988 495 1272 566 εὐαγγέλιόν
1302 515 1427 559 μου,
1475 494 1559 544 διὰ

82 574 241 637 Ἰησοῦ
270 577 508 636 Χριστοῦ.
595 574 672 620 17.
718 575 777 618 Εἰ
810 569 862 618 δὲ
907 568 968 617 σι)
994 568 1230 621 Ἰουδαῖος
1263 561 1560 627 ἐπονομάζῃ,

87 641 173 690 καὶ
214 636 506 700 ἐπαναπαύῃ
551 637 697 702 [τῷ]
744 635 884 700 νόμῳ
895 673 910 694 ,
954 636 1038 684 καὶ
1067 640 1315 697 καυχᾶσαι
1344 634 1397 681 ἐν
1426 634 1560 696 θεῷ,

93 712 168 757 18.
190 707 274 755 καὶ
307 703 563 773 γινώσκεις
595 705 651 753 τὸ
682 705 905 767 θέλημα,
942 703 1026 752 καὶ
1052 701 1329 765 δοκιμάζεις
1360 699 1423 750 τὰ
1454 699 1563 749 δια-

87 775 304 840 φέροντα
326 770 694 836 κατηχούμενος
716 774 768 820 ἐκ
792 778 884 820 τοῦ
907 769 1066 834 νόμου
1083 807 1095 825 ,
1136 774 1211 820 19.
1241 765 1483 822 πέποιθάς
1511 787 1564 816 τε

87 842 297 892 σεαυτὸν
329 841 516 908 ὁδηγὸν
552 840 677 889 εἶναι
711 845 943 904 τυφλῶν,
1001 843 1109 903 φῶς
1144 844 1249 887 τῶν
1292 840 1345 886 ἐν
1386 834 1563 894 σκότει,

85 913 168 961 20.
196 908 469 972 παιδευτὴν
499 906 767 973 ἀφρόνων,
804 904 1108 956 διδάσκαλον
1134 905 1350 968 νηπίων,
1387 907 1565 968 ἔχοντα

85 978 179 1042 τὴν
217 976 483 1044 μόρφωσιν
517 983 605 1039 τῆς
648 974 878 1043 γνώσεως
918 973 1002 1024 καὶ
1031 978 1117 1038 τῆς
1146 973 1382 1036 ἀληθείας
1412 976 1465 1022 ἐν
1492 977 1565 1036 τῷ

85 1044 230 1111 νόμῳ
254 1075 320 1084 --
376 1048 459 1096 21.
479 1044 505 1094 5
531 1043 622 1094 οὖν
643 1042 898 1093 διδάσκων
919 1044 1084 1106 ἕτερον
1106 1040 1316 1090 σεαυτὸν
1339 1042 1398 1089 οὐ
1423 1039 1566 1090 διδά-

88 1129 242 1172 σκεις;
287 1113 314 1163 5
334 1111 599 1179 κηρύσσων
630 1112 699 1176 μὴ
723 1113 943 1162 κλέπτειν
963 1111 1201 1169 κλέπτεις,·
1244 1113 1328 1159 22.
1357 1108 1382 1157 5
1410 1109 1568 1176 λέγων

86 1182 155 1245 μὴ
175 1180 424 1246 μοιχεύειν
443 1179 684 1245 μοιχεύεις
693 1201 709 1239 ,·
747 1180 773 1229 5
795 1176 1190 1245 βδελυσσόμενος
1211 1176 1275 1226 τὰ
1298 1176 1477 1226 εἴδωλα
1499 1177 1567 1225 ἱε-

88 1254 336 1315 ροσυλεῖς;
370 1253 451 1298 23.
473 1250 526 1304 ὃς
547 1252 599 1298 ἐν
620 1247 762 1313 νόμῳ
785 1254 1061 1311 καυχᾶσαι,
1106 1246 1190 1296 διὰ
1220 1251 1306 1310 τῆς
1333 1242 1569 1310 παραβά-

89 1335 210 1373 σεως
227 1324 319 1367 τοῦ
340 1316 501 1381 νόμου
524 1316 613 1366 τὸν
635 1317 757 1366 θεὸν
776 1315 1049 1379 ἀτιμάζεις
1084 1315 1166 1366 24.
1192 1314 1259 1364 Τὸ
1282 1313 1382 1381 γὰρ
1406 1315 1570 1376 ὄνομα

86 1392 178 1435 τοῦ
201 1388 326 1435 θεοῦ
346 1386 415 1436 δι’
439 1385 571 1449 ὑμᾶς
588 1386 955 1451 βλασφημεῖται
978 1386 1031 1434 ἐν
1052 1388 1155 1438 τοῖς
1177 1384 1362 1441 ἔθνεσι,
1393 1381 1571 1435 καθώς

86 1455 378 1521 γέγραπται.

197 1553 259 1596 V.
294 1554 336 1596 1.
390 1547 425 1592 ὦ
455 1544 672 1607 ὅνθρωπε
699 1555 809 1599 πᾶς
840 1545 863 1601 5
890 1548 1066 1606 κρίνων]
1108 1548 1197 1592 His
1228 1563 1269 1593 v.
1301 1562 1568 1606 quamquam

86 1612 177 1651 tam
202 1609 293 1651 late
320 1612 494 1666 patent,
535 1612 585 1649 ut
612 1607 829 1648 neminem
860 1620 971 1658 non,
1009 1607 1085 1663 qui
1111 1607 1302 1648 aliorum
1328 1606 1436 1648 vitia
1463 1620 1571 1647 suae

86 1681 298 1708 censurae
340 1665 598 1717 submittat,
645 1664 1013 1720 complectantur,
1062 1667 1209 1705 tamen
1246 1667 1462 1719 petuntur
1493 1663 1571 1704 Jec-

87 1723 207 1766 daei:
239 1737 262 1765 o
283 1723 429 1775 homo,
457 1721 606 1778 quie(
631 1721 713 1762 uis
736 1721 884 1778 judex
906 1720 1026 1762 sedes
1049 1719 1094 1763 h.
1126 1735 1164 1763 e.
1195 1719 1373 1761 etiamsi
1405 1719 1468 1760 sis
1490 1718 1571 1762 Ju-

88 1778 243 1823 danS.
307 1778 401 1835 (Ita
444 1782 563 1820 recte
591 1736 870 1830 kimborch„
930 1775 1102 1829 'Vetstq
1138 1776 1300 1833 Beny.‚
1335 1776 1572 1832 Schoetty„

87 1836 234 1892 Kopp.
254 1837 352 1892 aL).
412 1834 609 1878 Primum
632 1834 747 1876 enim
780 1835 842 1887 is,
874 1848 1003 1890 quem
1032 1833 1076 1876 h.
1104 1833 1138 1877 l.
1160 1831 1214 1877 P.
1246 1833 1516 1890 alloquitur,
1546 1847 1574 1874 a

87 1893 329 1948 gentilibus
367 1891 684 1947 distinguitur,
739 1905 926 1948 quorum
957 1895 1189 1946 corruptos
1218 1889 1572 1948 depravatosque

89 1964 234 1992 mores
274 1950 318 1992 in
348 1949 406 1991 iis
438 1963 550 2006 quae
574 1949 844 2006 praecedunt
877 1947 1130 2001 l,2l·—-32.
1162 1948 1256 2005 Ap.
1287 1947 1572 2005 perstrinxit.

87 2005 264 2049 Deinde
281 2008 414 2049 etiam
434 2007 516 2048 hoc
538 2006 680 2063 capite
703 2020 801 2047 eum
827 2019 955 2061 quem
977 2004 1206 2058 compellat
1227 2004 1348 2059 (vide
1368 2019 1409 2047 v.
1431 2004 1475 2046 3.
1507 2000 1572 2044 σύ

88 2065 146 2107 cl.
169 2078 210 2108 V.
232 2065 272 2107 1.
292 2064 337 2107 4.
360 2063 402 2106 5.
428 2065 497 2106 17.
520 2062 749 2118 25—27.)
777 2077 801 2104 a
834 2061 1019 2119 paganis
1050 2060 1286 2113 discernit,
1327 2060 1380 2102 de
1411 2059 1572 2116 quibus

90 2135 178 2162 non
198 2120 437 2162 nisitertia
458 2119 647 2178 persona
671 2118 789 2161 dicat
818 2121 879 2175 (v.
910 2119 980 2162 14.
1014 2117 1084 2161 15.
1119 2118 1191 2161 26.
1223 2118 1340 2173 27.);
1380 2117 1572 2174 compel-

90 2177 178 2219 lari
206 2183 350 2220 autem
373 2178 585 2219 Judaeum
613 2190 654 2219 v.
678 2178 747 2220 17.
778 2176 920 2219 docet.
988 2176 1106 2217 Tum
1137 2190 1249 2231 quae
1279 2175 1323 2217 ei
1352 2175 1427 2231 qui
1454 2187 1571 2215 com-

94 2235 289 2289 pellatur
316 2249 339 2276 a
369 2232 422 2277 P.
454 2232 780 2290 exprobrantur
807 2234 968 2290 optime
1002 2233 1047 2274 in
1068 2231 1262 2277 Iudaeos
1294 2231 1573 2284 conveniunt,

94 2289 171 2344 qui
199 2292 311 2333 vana
343 2291 548 2348 superbia
574 2289 718 2331 inflati
747 2290 939 2345 gentiles
977 2289 1086 2332 adeo
1126 2292 1478 2342 contemnerent,
1523 2293 1574 2330 ut

92 2359 169 2386 eos
183 2341 472 2403 ἁμαρτωλούς
494 2347 610 2391 Toh.
625 2347 949 2404 13‚6.(n⁵231127)‚
983 2362 1030 2388 se
1050 2346 1241 2389 homines
1257 2346 1408 2400 probos
1427 2347 1572 2402 (Ξῆιτξξ

93 2401 213 2445 Dan.
238 2404 416 2458 11,17.)
433 2408 656 2447 vocarent.
679 2405 755 2460 (cf.
779 2403 836 2445 ad
862 2400 902 2446 ν.
924 2404 1006 2458 3.).
1064 2402 1270 2458 Denique
1293 2401 1346 2446 P.
1375 2407 1468 2444 toto
1501 2415 1573 2443 ca-

86 2458 185 2517 pite
222 2459 302 2501 hoc
341 2475 494 2515 agere,
532 2465 583 2502 ut
620 2461 839 2519 superbos
872 2459 1143 2504 Judaeorum
1179 2459 1364 2516 spiritus
1394 2459 1573 2514 frangat

92 2529 256 2571 eosque
292 2516 431 2558 nihilo
462 2518 668 2559 meliores
700 2533 828 2574 quam
853 2531 1050 2574 paganos
1079 2530 1177 2557 esse
1209 2515 1434 2569 ostendat,
1476 2520 1571 2557 tum
1600 2526 1603 2529 '

92 2571 223 2631 hujus
244 2572 277 2615 l.
297 2579 600 2627 argumentum
620 2574 913 2627 demonstrat,
942 2581 1034 2617 tum
1058 2588 1080 2614 e
1111 2573 1144 2614 l.
1167 2572 1208 2625 3,
1224 2574 1264 2616 1.
1297 2588 1366 2629 sq.
1398 2573 1570 2614 intelli-

91 2629 236 2683 gitur,
265 2629 341 2670 ubi
363 2631 456 2686 Ap.
472 2662 483 2682 ‚
512 2644 565 2672 ne
587 2631 685 2687 quis
707 2631 849 2672 omnia
873 2629 1057 2673 Judaeis
1079 2629 1230 2686 inique
1262 2629 1433 2672 ademta
1464 2644 1570 2686 que-

91 2689 292 2738 reretur,
345 2701 446 2728 vera
493 2689 638 2741 gentis
674 2686 882 2746 judaicae
926 2692 1180 2728 ornamenta
1214 2688 1382 2730 referre
1424 2690 1568 2742 paret.

92 2741 244 2797 Quare
269 2743 488 2784 falluntur
519 2744 596 2798 qui
625 2749 701 2785 aut
729 2744 772 2785 in
804 2743 1103 2786 Romanorum
1136 2743 1358 2802 principes
1385 2744 1568 2799 [GhryQ

95 2799 323 2855 sseophyl.
344 2800 422 2853 aL]
445 2800 818 2856 magistratusque
842 2801 1003 2855 [Grot.]
1029 2801 1268 2843 orationem
1286 2801 1567 2859 potissimum

92 2857 310 2907 converti,
341 2861 417 2898 aut
439 2856 726 2914 philosophos
748 2857 934 2899 maxime
955 2856 1196 2914 perstringi
1214 2858 1462 2914 (Clericus),
1491 2859 1566 2897 aut
