1752 3347
251 177 338 218 210
533 171 913 217 EPISTOLA
945 172 1048 214 AD
1079 171 1443 220 ROMANOS

258 294 363 325 mos.
396 285 721 338 oppugnasset3
751 279 856 338 jure
885 277 1027 334 igitur
1051 277 1097 320 id
1126 279 1240 333 egit,
1270 284 1320 322 ut
1345 279 1441 322 illis
1463 280 1564 325 fidei
1591 282 1733 324 laudi-

259 338 340 379 bus
369 352 416 379 se
443 338 584 392 legem
614 351 724 380 mos.
755 349 840 378 non
871 334 1129 378 subvertere
1159 334 1238 378 sed
1258 335 1445 379 condere
1464 351 1558 380 eam
1578 345 1622 381 et
1642 353 1734 381 mu-

258 395 353 437 nire
381 392 650 437 ostenderet.
721 392 868 449 Pelaq.
897 397 941 435 et
965 392 1145 436 Boehm.
1182 388 1371 446 ἱστῶμεν
1401 393 1734 452 Conjunctivum

255 465 356 494 esse
383 455 562 508 putant:
602 450 687 492 imo
718 463 820 505 age,
845 449 938 508 jam
964 449 1107 504 legem
1140 463 1250 493 mos.
1273 450 1560 494 stabiliamus.
1590 452 1667 507 (cf.
1691 452 1736 504 4,

216 518 219 522 '
261 512 298 552 Ι.
330 509 437 563 sq.).
503 505 591 549 Sed
624 521 800 560 vereor,
841 520 893 548 ne
922 506 1026 548 haec
1056 505 1374 564 disputationis
1416 509 1646 550 conversio
1677 509 1735 550 sit

257 563 532 608 concitatior.
593 562 740 620 Quum
774 563 901 605 multi
939 563 1206 621 interpretes
1238 566 1469 620 καταργεῖν
1499 562 1575 605 τὸν
1605 562 1737 615 νόμον

259 624 397 677 legem
419 635 529 663 mos.
551 621 785 677 antiquare
806 621 847 663 h.
871 635 910 664 e.
933 621 1101 674 facere,
1133 625 1182 663 ut
1201 635 1287 663 non
1313 619 1504 678 amplius
1535 619 1738 662 observe-

257 685 331 722 tur
362 682 406 720 et
434 674 610 720 ἱστάναι
640 694 676 719 τ.
699 675 834 731 νόμον
862 677 1038 720 firmare
1067 679 1234 733 legem,
1265 678 1295 721 i.
1314 693 1354 722 e.
1385 677 1585 731 efficere,
1621 681 1670 719 ut
1701 678 1740 719 oi

259 734 490 778 obediatur
513 736 623 777 male
642 740 947 788 enarrassent,
981 737 1059 791 qui
1082 733 1156 787 Ρ.,
1185 734 1349 777 nobilis
1380 735 1457 777 ille
1488 736 1605 789 legis
1629 748 1739 777 mos.

258 806 437 835 eversor
453 791 584 837 Rom.
603 792 714 845 7,4.
737 807 832 849 sq„
865 806 912 834 se
942 791 1140 834 homines
1169 791 1260 846 legi
1279 806 1387 835 mos,
1417 789 1503 833 fide
1534 790 1739 833 obedien-

256 856 324 893 tes
345 848 531 892 reddere
555 848 853 892 contendisset
874 848 1037 901 mirati,
1072 850 1149 891 alii
1176 849 1262 890 alia
1284 848 1608 903 excogitarunt.
1670 847 1740 889 H-

258 908 354 950 dem
385 907 717 949 commendando
745 911 793 948 nt
823 906 906 961 leyi
928 920 1033 949 mos.
1065 903 1255 957 satisfiat
1285 904 1445 961 efficio]
1476 920 1578 946 nam
1600 903 1743 946 ma'or

258 970 328 1006 est
355 961 616 1021 disciplinae
646 962 827 1014 christ„
859 977 987 1018 quam
1017 963 1133 1014 legis
1158 976 1293 1013 πως»,
1324 962 1367 1002 in
1389 959 1646 1015 castigando
1697 974 1744 1003 e-

257 1020 413 1072 decore
435 1020 649 1063 severitas
669 1019 889 1075 (Tm-tull.
910 1018 963 1061 de
985 1018 1133 1076 pudic.
1159 1032 1202 1075 p.
1231 1017 1363 1060 1002.
1386 1018 1474 1072 a.);
1504 1032 1606 1060 taam
1631 1016 1744 1060 fides

256 1073 334 1135 τήν
363 1072 648 1133 δικαιοσύνην
677 1092 714 1117 τ.
747 1079 796 1117 θ’.
825 1074 978 1127 affert,
1050 1089 1149 1116 uam
1177 1075 1252 1116 lex
1286 1074 1446 1117 afferre
1470 1074 1626 1126 voluit,
1657 1089 1742 1117 non

255 1134 402 1192 potuit
429 1132 662 1189 (Chrys.);
702 1146 801 1174 nam
831 1131 985 1174 christ.
1048 1131 1257 1189 isciplimi
1284 1132 1358 1173 lex
1390 1146 1499 1174 mos.
1532 1129 1588 1172 ad
1616 1145 1743 1174 even—

257 1198 347 1234 tum
378 1189 592 1248 perducta
624 1194 717 1239 est,
760 1187 814 1229 ad
834 1187 1060 1231 Christum
1081 1193 1174 1230 tota
1203 1187 1391 1230 tendens
1419 1187 1612 1244 (Calv.);
1640 1203 1743 1230 nam

258 1247 528 1304 antiquandzi
548 1248 647 1301 lege
669 1260 779 1288 mos,
797 1244 894 1304 ejus
916 1246 1134 1287 voluntati
1155 1245 1320 1287 satisfit
1341 1245 1560 1301 (Rueck).
1620 1244 1745 1288 Haec

257 1306 434 1361 aliaque
473 1303 656 1345 consilia
698 1302 771 1345 vel
811 1307 1048 1360 propterea
1090 1303 1221 1345 irrita
1257 1308 1387 1355 sunt,
1436 1300 1555 1359 quod
1588 1315 1744 1344 nexum

259 1366 478 1405 evertunt.
536 1357 742 1413 ἱστῶμεν]
770 1359 841 1402 De
869 1360 951 1401 hac
979 1360 1119 1402 forma
1151 1359 1205 1402 ab
1236 1356 1376 1402 ὶστάω
1405 1357 1534 1401 ducta
1557 1372 1595 1401 V.
1617 1358 1745 1402 Mat-

256 1418 376 1461 thiae
395 1432 463 1473 gr.
484 1415 588 1475 maj.
611 1431 655 1474 p.
677 1416 796 1460 394.
857 1412 1066 1472 ἱστῶμεν]
1086 1416 1160 1462 47.
1189 1413 1372 1471 ἵσταμεν
1399 1418 1404 1471 Ι
1434 1417 1502 1460 10.
1534 1412 1746 1458 συνιστά-

260 1490 411 1526 νομεν,
446 1474 790 1518 commendamus
816 1475 821 1528 Ι
851 1475 920 1517 17.
949 1475 1009 1518 al.
1041 1473 1335 1526 συνιστῶμεν,
1368 1473 1712 1516 commendamus
1738 1472 1745 1527 Ι

260 1531 334 1574 D*
355 1526 677 1588 περιστάνομεν
702 1530 812 1585 (ἰηιο
835 1526 1200 1585 περιϊστάνομεν,
1234 1531 1471 1580 mutamus)
1499 1533 1505 1581 Ι
1533 1530 1596 1572 Α.
1616 1528 1671 1572 Β.
1693 1526 1745 1572 C.

259 1589 318 1632 al.
338 1588 521 1631 anhm.
542 1583 797 1639 ἱστάνομεν,
833 1585 950 1642 quod
972 1586 1140 1629 Griesb.
1162 1585 1427 1644 probaverat
1455 1588 1460 1640 Ι
1499 1584 1556 1628 G.
1582 1582 1746 1627 στάνο-

259 1660 338 1698 μεν
359 1644 469 1700 (sic)
495 1645 501 1699 Ι
526 1643 601 1686 71.
619 1657 690 1700 ap.
712 1642 861 1686 Birch.
888 1640 1146 1695 συνίστομεν
1173 1643 1280 1699 (sic)
1307 1646 1313 1699 i
1341 1643 1601 1700 Scripturae
1621 1656 1746 1684 συνι-

260 1700 495 1754 στάνομεν,
535 1701 803 1752 συνιστῶμεν
825 1705 867 1741 et
887 1696 1228 1753 περιϊστάνομεν
1259 1700 1428 1742 nullius
1454 1699 1598 1755 frugis
1627 1704 1747 1752 sunt,

293 1759 424 1816 uippe
452 1772 476 1799 a
497 1756 822 1799 correctoribus
841 1757 1087 1814 profectae,
1119 1756 1194 1812 qui
1218 1756 1292 1807 P..
1324 1772 1451 1814 quem
1472 1757 1615 1813 legem
1635 1770 1746 1799 mos.

260 1773 537 1857 iiisturbasse
567 1814 757 1865 scirent,
796 1809 983 1865 ἱστῶμεν
1012 1812 1207 1855 scribere
1243 1829 1327 1856 non
1368 1814 1552 1856 licuisse
1592 1818 1746 1870 putas-

262 1876 375 1915 sent.
435 1870 530 1927 Ego
558 1866 746 1922 ἱστῶμεν
775 1869 940 1926 probo,
979 1873 1071 1911 tum
1107 1870 1207 1926 quia
1241 1871 1432 1913 fortasse
1463 1866 1698 1922 ἱστάνομεν
1723 1883 1748 1911 e

261 1930 448 1971 lectione
477 1923 791 1979 συνιστάνομεν
821 1933 971 1968 natum
1005 1931 1073 1967 est
1107 1928 1185 1981 (cs.
1217 1925 1478 1980 συνίστομεν
1507 1933 1549 1969 et
1581 1923 1746 1967 στόνο-

260 1987 382 2041 μεν),
414 1991 508 2027 tum
530 1983 734 2042 quoniam
757 1980 944 2036 ἱστῶμεν
963 1982 1008 2024 in
1026 1982 1197 2041 periodi
1228 1984 1313 2026 fine
1333 1985 1462 2042 plene
1481 1988 1610 2025 sonat
1629 1988 1672 2025 et
1692 1981 1752 2025 ad

264 2042 566 2098 καταργοῦμεν
600 2055 831 2083 numerose
864 2040 1080 2093 refertur,
1113 2055 1247 2097 quum
1278 2037 1511 2094 ἱστάνομεν
1539 2047 1752 2082 numeros*

262 2101 456 2154 frangat.
524 2096 776 2155 Optandum
804 2103 873 2140 est
902 2101 1072 2148 autem,
1109 2102 1159 2140 ut
1193 2097 1250 2142 V.
1279 2097 1341 2143 D.
1382 2096 1440 2140 ad
1467 2111 1746 2141 numerosum

264 2154 487 2199 scribendi
517 2169 680 2211 genuS,
722 2169 806 2212 quo
830 2152 884 2198 P.
916 2168 1025 2197 usus
1059 2159 1149 2208 est,
1179 2153 1615 2211 tandem-aliquando
1638 2154 1748 2198 satis

264 2212 510 2256 attendant.
570 2212 686 2254 Tum
707 2226 857 2254 eorum
879 2226 986 2253 vana
1011 2211 1161 2279 opinio
1194 2212 1438 2262 minuetur,
1470 2212 1548 2270 qui
1569 2209 1621 2255 P.
1643 2210 1747 2253 sub-

266 2271 465 2322 itarium,
497 2269 816 2323 negligentem,
848 2282 954 2326 prae
980 2269 1115 2311 animi
1147 2269 1313 2327 impetu
1346 2270 1417 2311 vix
1453 2271 1612 2311 mentis
1632 2283 1746 2312 com·

267 2334 411 2386 potem
431 2332 476 2370 et
493 2331 664 2370 tantuin
684 2340 767 2368 non
788 2327 1002 2368 furiosum
1023 2326 1285 2384 scriptorem
1309 2341 1408 2369 esse
1434 2326 1621 2381 fingunt.

885 2544 1011 2579 (ῗΛΡ.
1060 2543 1128 2578 iv.

711 2637 1301 2675 ARGUMENTUM.

410 2708 500 2742 Nam
523 2708 770 2744 Abrabamum
801 2720 874 2742 non
900 2709 990 2742 benc
1017 2707 1141 2749 factis,
1168 2705 1229 2740 sed
1259 2705 1327 2740 side
1347 2705 1412 2739 Dei
1435 2704 1594 2753 favor-ern
1622 2711 1745 2754 chenne:

268 2759 423 2800 quntum
445 2768 538 2794 essu.
562 2757 607 2787 ιή
635 2755 812 2788 Genesi
838 2756 895 2790 15.
920 2755 952 2788 6.
978 2755 1158 2798 refer-tun,
1187 2753 1245 2786 ubi
1267 2753 1368 2796 fides
1389 2751 1468 2784 Deo
1495 2748 1608 2782 habita
1639 2754 1683 2779 na
1713 2756 1745 2781 a

272 2802 439 2845 imputata
466 2814 538 2834 esse
569 2801 719 2840 dicitur,
754 2807 790 2833 ut
819 2800 958 2846 integer
978 2807 1185 2834 censeretur
1215 2803 1263 2842 (v.
1291 2802 1319 2831 1.
1340 2795 1463 2832 -3.);
1488 2794 1583 2839 qumi
1616 2802 1743 2836 negare

273 2858 345 2879 '¹⁰¹¹
368 2844 577 2885 ⁵⁰⁵¹ineb3¹0
629 2848 681 2886 υἱ.
715 2846 747 2879 id
769 2847 864 2892 quod
883 2860 937 2880 res
957 2846 1080 2885 doce«,
1106 2846 1172 2879 nei
1195 2844 1385 2879 amicitiam
1416 2841 1539 2885 puicu-e
1564 2839 1663 2872 facus
1684 2851 1745 2872 σι’.

272 2904 427 2936 pugna-e
455 2892 682 2935 cupientium
712 2891 815 2936 posili
847 2892 953 2926 studii
983 2891 1183 2925 nien-cedem
1211 2902 1282 2923 non
1307 2887 1469 2921 beneficii
1490 2887 1573 2920 loco
1599 2884 1655 2918 «cd
1678 2884 1744 2917 «le-
