1752 3347
443 187 601 235 CAP.
631 188 706 235 11.
739 187 832 234 Vs,
858 189 940 235 20.
971 193 1023 232 et
1051 188 1150 235 21..
1445 190 1528 234 131

56 311 193 357 posse
212 296 430 348 affirmat,
457 296 715 351 sumentium
735 299 779 338 et
798 309 958 340 verum.
1015 293 1118 337 Non
1145 293 1282 350 igitur
1308 290 1386 351 τήν
1410 293 1528 352 μόρ-

57 369 208 411 Ιιφωσιν
225 358 304 410 τῆς
323 351 522 407 γνώσεως
540 353 615 394 καὶ
632 352 710 408 τῆς
730 349 948 407 ἀληθείας
968 365 1047 408 per
1065 349 1110 394 ἓν
1129 351 1203 394 διὰ
1224 351 1344 392 δυοῖν
1363 350 1527 394 (lictum

59 416 129 454 est
155 415 233 452 aut
260 422 341 466 pro
368 406 446 463 τὴν
468 405 706 464 μόρφωσιν
732 410 828 465 τῆς
863 407 1119 463 γνώσεως
1144 409 1228 464 τῆς
1255 402 1530 462 ἀληθείας

57 467 230 524 (Grot.,
260 466 311 508 de
330 465 552 519 Ammon.)
573 470 649 507 aut
676 480 756 522 pro
787 463 866 521 τὴν
889 464 1126 521 μόρφωσιν
1154 465 1252 520 τῆς
1276 461 1529 519 γνώσεως

56 524 156 580 τῆς
172 520 274 578 ἄλη
288 521 453 576 θινῆς
469 521 667 576 (Flam).
713 520 943 563 Postremo
965 522 1076 563 male
1097 520 1258 574 Chrys„
1281 520 1530 576 Theopleyl„

58 580 233 623 Oecum.
252 579 311 620 al.
337 577 488 618 ultima
511 591 550 619 v.
574 575 618 617 ἐν
635 578 697 631 τῷ
724 574 843 632 νόμῳ
876 577 1121 634 ponderosa
1147 592 1244 619 esse
1274 577 1530 621 voluerunt:

57 650 189 693 quum
204 632 443 688 sapientiae
462 637 505 674 et
521 633 718 674 veritatis
734 633 924 688 formam
939 635 984 675 in
1002 635 1017 676 Ι
1027 649 1116 689 eye
1135 648 1257 676 mos.
1277 647 1531 688 expressum

56 697 206 735 teneas
223 692 330 744 (non
350 701 444 729 eam
475 688 566 729 vim
597 693 674 729 ant
702 688 890 730 moribus
919 689 1015 745 ipse
1047 690 1308 746 exprimas).
1368 690 1533 732 Obstat

52 747 171 789 enim
191 745 290 787 huic
308 747 550 786 commento
569 747 615 785 ct
637 743 744 786 ordo
764 743 1022 798 verborum,
1052 747 1127 802 qui
1148 748 1254 788 talis
1278 761 1378 788 esse
1402 746 1533 789 debe-

55 802 155 846 hat:
185 799 241 844 ἐν
258 801 328 857 τῷ
358 797 508 855 νόμῳ
527 797 682 852 ἔχοντα
696 818 734 842 κ.
755 815 792 841 τ.
815 800 851 842 λ.
873 806 918 843 et
935 802 1074 854 ratio,
1117 803 1200 858 qua
1232 817 1347 846 voce.
1377 800 1532 856 ἔχοντα

54 883 115 893 ——-
132 857 179 902 ἒν
204 857 267 914 τῷ
295 853 416 913 νόμῳ
443 871 541 898 cum
567 871 610 900 v.
638 870 680 901 ν.
709 858 778 900 19.
809 857 1103 903 continentur.
1176 857 1292 900 Sunt
1315 866 1459 902 autem
1489 876 1532 905 v.

56 913 214 970 ἔχοντα
231 939 285 946 ——
306 911 351 957 ἒν
368 913 432 968 τῷ
452 909 574 970 νόμῳ
596 928 647 955 eo
667 914 754 957 fine
772 912 965 972 adjecta,
996 919 1043 956 ut
1068 914 1152 971 quei
1181 929 1229 957 re
1251 914 1278 958 J
1282 915 1534 971 udaeorum,

56 987 107 1015 se
124 969 302 1017 rudium
329 969 559 1025 gentilium
587 970 825 1025 magistros
851 970 1195 1024 venditantiuui,
1232 970 1394 1014 fiducia
1421 974 1534 1016 nita-

55 1033 132 1072 tur
153 1027 345 1082 intelligi
369 1027 528 1084 possit.
583 1025 733 1082 Quare
760 1028 1034 1070 facinorosae
1064 1030 1178 1071 vitae
1208 1028 1370 1070 crimen
1398 1045 1535 1072 enun-

56 1086 173 1129 tiare
201 1098 287 1127 non
313 1086 516 1141 possunt.
576 1084 694 1138 Quin
720 1083 771 1129 P.
802 1099 934 1141 quum
958 1084 1152 1129 Judaeos
1184 1086 1415 1139 gentilium
1442 1102 1535 1130 ma-

58 1143 224 1198 gistros
247 1155 378 1195 agere
396 1140 619 1182 docuisset
641 1156 813 1198 quaque
835 1156 883 1183 re
901 1142 1007 1184 freti
1029 1146 1197 1183 tantum
1220 1142 1307 1183 sihi
1336 1143 1536 1186 tribuant

57 1198 304 1242 addidisset
326 1200 387 1254 (v.
409 1199 478 1242 19.
498 1198 616 1251 20.),
646 1202 737 1240 tum
761 1197 931 1240 demum
953 1200 1184 1241 scelestam
1203 1199 1336 1242 vitam
1366 1200 1422 1242 iis
1456 1201 1536 1243 ob-

57 1256 165 1316 jecit
184 1258 247 1311 (V.
267 1255 340 1298 21.
361 1255 467 1310 sq.).
523 1253 583 1298 V.
602 1254 677 1298 21.
697 1281 751 1287 —
769 1255 841 1299 23.
882 1255 970 1297 His
993 1270 1059 1300 vs.
1088 1256 1204 1298 inest
1231 1255 1439 1314 apodosis
1469 1262 1534 1314 (v.

53 1306 152 1357 hot.
181 1310 238 1354 ad
269 1327 310 1355 v.
341 1312 459 1366 17.)‚
488 1310 613 1368 cujus
644 1311 837 1368 quinque
867 1312 1059 1354 membra
1086 1313 1165 1354 alii
1197 1311 1537 1369 ἐρωτηματικιῦς

58 1369 259 1438 (phryx,
312 1367 569 1423 Theophyl„
620 1366 814 1422 0ecum.,
864 1369 1056 1423 Griesb„
1100 1368 1286 1413 Lac-lom.
1312 1371 1417 1423 aL),
1456 1371 1536 1413 alii

60 1441 153 1468 απο
195 1424 378 1473 αντικῶς
397 1425 459 1480 (v.
483 1425 731 1478 c.Erasm.‚
756 1424 967 1478 Luther„
987 1426 1147 1480 Zeyer,
1168 1424 1324 1481 Beny„
1350 1427 1535 1482 Kmepp.

30 1508 33 1512 ,
57 1439 235 1527 Boeffm.
259 1481 315 1524 cf.
337 1480 586 1534 Qec-umen.)
605 1481 928 1536 pronuntianda
951 1496 1050 1523 esse
1072 1482 1342 1526 existimant.
1403 1482 1536 1541 lVolf.

57 1543 104 1582 et
122 1537 349 1580 Rome-lem.
371 1534 427 1576 ad
456 1550 635 1578 sensum
668 1537 779 1578 nihil
805 1538 973 1603 referre
998 1543 1143 1580 utram
1174 1539 1436 1582 sententiam
1465 1556 1535 1582 se-

58 1608 221 1653 quare,
249 1591 329 1635 sed
346 1593 449 1650 plus
469 1597 611 1634 tamen
629 1593 860 1647 gravitatis
880 1595 1231 1651 percontationes
1253 1597 1443 1638 orationi
1471 1598 1538 1638 as-

58 1653 178 1696 ferre
197 1653 370 1708 putant.
425 1647 538 1691 Mihi
558 1649 622 1691 sic
641 1649 829 1694 videtur.
890 1651 941 1693 Si
960 1665 1002 1695 V.
1022 1652 1090 1694 17.
1122 1647 1189 1708 ἴδε
1218 1652 1367 1706 legas,
1395 1666 1436 1697 v.
1461 1654 1535 1698 21.

58 1707 204 1751 -.-23.
238 1703 555 1763 ἆποφαντικῶς
579 1706 735 1748 efferre
760 1707 889 1761 licet,
928 1708 1130 1765 quamvis
1161 1707 1222 1749 ita
1253 1714 1297 1750 et
1323 1710 1538 1753 orationis

60 1764 289 1808 conversio
308 1777 349 1807 v.
369 1757 508 1806 21.‘0
529 1758 622 1805 οὗν
643 1760 864 1805 διδάσκων
882 1781 918 1806 κ.
937 1780 973 1806 τ.
994 1765 1033 1806 λ.
1055 1764 1286 1807 offensioni
1315 1766 1375 1808 sit
1400 1771 1443 1809 et
1468 1772 1537 1810 to-

10 1867 16 1873 ,
59 1826 135 1865 tus
151 1822 185 1865 l.
203 1820 472 1873 molliorem,
511 1833 639 1876 quam
657 1821 814 1862 merito
845 1826 1100 1879 exspectes,
1141 1820 1302 1866 Judaei
1329 1823 1537 1882 objurga-

59 1879 224 1921 tionem
245 1876 429 1929 haheat3
467 1876 535 1918 sin
553 1890 595 1920 v.
616 1878 685 1921 17.
717 1876 766 1919 εἰ
793 1878 819 1918 δ
829 1875 853 1921 ἑ
877 1878 1070 1931 scribas,
1112 1877 1230 1934 quod
1258 1873 1408 1922 verum
1437 1895 1537 1923 esse

59 1949 196 1993 supra
217 1933 434 1986 vidimus,
462 1933 637 1988 singula
671 1949 734 1978 vs·
762 1934 834 1976 21.
855 1960 912 1965 —
931 1935 1004 1978 23.
1033 1935 1226 1977 membra
1260 1942 1336 1978 aut
1362 1951 1442 1994 per
1469 1938 1536 1979 in-

59 1991 400 2047 terrogationem
421 1994 498 2032 aut
520 1990 679 2034 saltem
712 2005 793 2048 per
818 1992 1179 2034 exclamationem
1209 1994 1539 2050 pronuntianda

62 2052 182 2094 sunt.
240 2046 459 2090 Aliocuin
491 2060 631 2103 neque
658 2046 866 2105 apodosis
894 2048 1082 2103 protasis
1111 2049 1259 2092 ardori
1283 2050 1537 2107 respondet,

59 2120 203 2163 neque
220 2103 274 2148 P.
294 2119 342 2147 se
362 2062 629 2148 ludaeorum
648 2103 1011 2158 inconstantiam,
1041 2104 1116 2161 qui
1137 2105 1267 2147 aliter
1285 2107 1539 2163 loquantur,

63 2163 196 2205 aliter
232 2161 405 2214 vivant,
444 2159 689 2202 abominari
723 2161 958 2216 significat.
1017 2157 1040 2203 ὁ
1065 2156 1141 2203 οὗν
1171 2160 1464 2205 διδάσκων-
1485 2162 1538 2207 οὐ

63 2215 332 2272 διδάσκειςς]
372 2222 422 2260 tu
455 2217 589 2273 iqitur
613 2218 687 2274 quz'
712 2218 848 2260 (dium
874 2217 1117 2273 cuempiam
1144 2219 1205 2272 [l.
1235 2220 1306 2263 30.
1337 2220 1409 2264 38.
1441 2218 1538 2263 τὸν

63 2272 215 2329 ἕτερον
233 2275 417 2316 alterum
435 2273 465 2317 i.
487 2288 531 2330 q.
562 2271 639 2315 τὸν
665 2271 857 2328 πλησίον
883 2233 1015 2318 1ἶο111.
1033 2275 1129 2327 2,1.
1157 2275 1213 2318 cl.
1244 2277 1383 2331 15‚2.]
1411 2278 1538 2321 doces

63 2330 336 2385 temetipsum
349 2345 434 2372 non
454 2330 575 2372 doces
588 2331 743 2417 {quem
769 2330 976 2372 nimirum
1003 2329 1238 2388 disciplina
1270 2348 1401 2387 egere
1435 2349 1537 2392 per-

64 2386 149 2428 diti
178 2400 320 2428 mores
347 2385 603 2443 indicant.).
652 2387 766 2429 Esse
797 2393 942 2430 autem
964 2386 1147 2432 Judaeis
1176 2387 1430 2432 discendum
1457 2406 1537 2448 po-

64 2444 178 2497 tius,
208 2456 334 2498 quam
353 2442 591 2486 docendum
608 2457 660 2485 eo
682 2442 735 2488 P.
756 2444 975 2497 ostendit,
1017 2443 1134 2500 quod
1159 2447 1410 2500 turpissima
1435 2452 1479 2489 et
1510 2463 1538 2490 a

65 2500 226 2557 quihus
244 2498 439 2541 homines
459 2514 539 2565 per
567 2501 709 2555 legem
734 2515 845 2544 mos.
873 2500 1083 2543 divinitus
1113 2499 1288 2544 edoctos
1314 2504 1538 2547 alienissi-

65 2571 159 2599 mos
199 2570 298 2598 esse
328 2569 411 2613 par
440 2562 501 2598 Sit
525 2556 723 2599 facinora
750 2557 911 2613 (tribus
937 2571 1029 2599 rem
1059 2559 1273 2616 exemplis
1302 2559 1536 2631 illustrat),

65 2627 199 2671 quum
235 2612 448 2654 committi
483 2617 652 2666 vetent,
692 2614 782 2670 ipsi
809 2616 953 2655 tamen
981 2617 1172 2670 patrent.
1239 2615 1481 2660 Vocabulis
1512 2635 1535 2661 σ

65 2667 296 2727 κηρύσσων
329 2667 401 2724 μὴ
439 2668 704 2711 κλέπτειν
740 2667 970 2720 κλέπτεις,·
1018 2675 1062 2711 et
1098 2665 1120 2711 ὃ
1148 2668 1284 2727 λέγων
1311 2673 1381 2730 μὴ
1409 2691 1534 2726 μοι-

64 2722 253 2779 χεύειν
268 2721 514 2779 μοιχεύεις,·
545 2725 656 2767 hanc
675 2725 938 2767 sententiam
961 2726 1168 2769 subesse:
1205 2729 1276 2786 qni
1296 2732 1409 2773 velut
1438 2746 1535 2774 con-

67 2782 354 2826 cionabemdas
389 2783 551 2825 clamas
586 2795 688 2824 non
721 2796 838 2823 esse
875 2781 1177 2838 furandum
1216 2783 1416 2845 furaris?
1465 2788 1537 2844 qui

67 2839 326 2885 ‹silvester-inm
361 2853 414 2883 co
425 2853 466 2882 m
477 2852 519 2882 m
530 2838 602 2882 itt
613 2853 635 2880 e
644 2853 672 2882 n
682 2838 709 2883 d
716 2853 744 2883 u
754 2853 796 2882 m
829 2852 852 2882 e
863 2852 884 2882 s
893 2852 914 2887 S
926 2853 949 2880 e
982 2853 1140 2937 ueyics)
1150 2855 1195 2885 es
1232 2843 1401 2888 ‹eziczltcr
1415 2840 1434 2887 ,2
1489 2858 1534 2885 m
