1752 3347
586 139 679 184 CA
694 139 745 186 Ρ.
779 140 852 184 V..
885 137 979 185 Vs,
1012 141 1098 185 13..
1495 143 1582 186 309

102 248 439 302 Μιαζᾳαίἱυηεηι,’
459 248 711 303 priusquam
731 248 805 289 Iex
825 262 852 288 (ι
874 246 936 289 M
940 261 1026 289 ose
1051 248 1245 303 ferretur
1271 246 1480 290 denotare
1512 249 1566 291 li-

101 304 238 359 quido
258 304 485 349 discimus.
530 303 646 346 Nam
668 305 861 357 steyn-eric·
880 302 1013 355 νόμον
1031 305 1169 358 legem
1190 305 1232 348 h.
1247 306 1278 349 l.
1300 306 1386 347 dici
1400 306 1565 348 Adamo

96 361 147 402 in
160 363 363 416 paradiso
382 363 534 405 datam
552 360 722 419 opinati
749 359 1108 418 (t'raeadainime
1130 377 1168 407 S.
1200 362 1457 405 exercitatio
1486 376 1562 405 ex-

188 582 461 622 accommodes,
486 580 691 626 cujusmodi
718 582 805 616 hacc
833 590 936 618 sunt:
973 584 1123 629 Dionys.
1140 582 1223 618 Hal.
1243 584 1288 618 A.
1307 582 1351 621 R.
1373 583 1412 626 8,
1432 583 1489 618 27.
1515 602 1563 610 —-

188 628 380 664 ἐκέλευσεν
406 645 452 653 -
476 628 655 662 καθελεῖν
681 626 747 670 τὴν
766 625 876 663 πόλιν
900 627 1012 672 ἄχρι
1038 631 1277 673 «θεμελίων
1297 649 1363 662 —.
1411 629 1560 673 Joseph.

187 674 234 708 A.
253 673 287 708 J.
310 674 353 718 5,
376 674 412 716 l,
433 673 466 706 7.
491 691 539 699 ·—-
570 669 663 709 οῗλλὰ
698 671 876 714 πάντες
906 672 1119 710 ἆγιιιῖλλτψτο
1152 674 1418 720 (Ηίοι-ἰεΙιυηίε)
1454 671 1564 719 ἄχρι

187 720 530 765 καὶγυναικῶν
553 721 630 755 καὶ
654 720 856 755 παιδίων
876 724 969 755 —.?
1016 722 1085 754 Sed
1106 735 1188 754 mox
1207 723 1444 754 Titlmanmcs
1461 720 1561 765 p.35.

188 778 242 812 sq.
268 767 310 800 ab
335 779 372 800 se
403 766 476 809 ipse
505 766 680 801 desciscit.
728 766 819 800 Nam
845 762 930 811 ἄχρι
953 779 1070 811 usque
1094 770 1145 799 ad
1176 767 1222 801 ita
1242 766 1422 801 declarare
1441 765 1562 806 sumit,

186 819 228 846 ut
245 811 484 845 diuturnitatis
505 812 689 846 notionem
708 818 809 847 antea
831 826 864 858 p.
876 813 934 846 34.
955 812 990 846 in
1017 811 1214 846 sententiae
1236 815 1344 845 verbo
1369 811 1561 857 repositam

187 858 246 900 rei
269 857 441 891 Genitiuo
467 861 685 892 enuntiatae
711 858 886 902 vindicet,
926 866 1085 893 ceterum
1112 859 1220 905 μέχρι
1252 858 1360 892 tinem
1389 858 1562 903 temporis

186 910 248 937 aut
273 903 366 947 loci,
391 916 463 950 quo
486 904 571 950 quid
594 903 726 938 facturn
748 903 811 950 sit,
835 903 995 939 indicare
1015 911 1161 950 repetat.
1210 904 1304 938 1Ιίηο
1323 904 1429 937 Rom.
1450 904 1483 946 8,
1503 904 1563 943 22,

187 968 236 974 —
250 952 353 985 πᾶσα
367 949 390 994 ἡ
412 952 527 990 κτίσις
545 948 755 992 συστενάζει
771 971 819 977 -
842 948 926 995 ἅχρ
938 965 950 985 ι
975 951 1040 985 τοῦ
1059 952 1124 986 νῦν
1142 950 1375 996 ingemiscere
1397 949 1462 993 τὴν
1480 949 1563 984 κτί-

186 1007 247 1030 σιν
264 1008 379 1041 usque
398 996 441 1030 ad
460 996 556 1032 hunc
573 997 664 1030 diem
678 1023 688 1040 ,
715 999 1002 1041 necdumfinem
1020 997 1158 1040 fecisse
1178 996 1358 1038 gemendi
1381 996 1563 1030 declarare

186 1042 256 1086 ait,
289 1048 415 1078 contra
439 1043 580 1088 μέχρι
603 1044 670 1078 τοῦ
694 1045 758 1079 νῦν
781 1043 809 1077 si
836 1043 877 1076 P.
909 1043 1130 1089 scripsisset,
1161 1042 1232 1077 hoc
1265 1053 1348 1075 eum
1377 1041 1562 1076 dicturum

185 1087 296 1122 fuisse
318 1088 497 1134 perhibet:
523 1088 750 1123 lamentatam
780 1102 853 1123 esse
881 1085 945 1132 τὴν
969 1090 1085 1124 κτίσιν
1109 1101 1221 1136 usque
1248 1088 1291 1122 ad
1323 1087 1419 1121 hunc
1447 1087 1560 1130 diem,

181 1136 252 1168 sed
266 1146 363 1167 nunc
380 1146 454 1168 non
470 1137 676 1181 lamentari
695 1137 868 1177 amplius.
915 1135 1005 1170 Item
1024 1135 1154 1174 Mauh.
1176 1134 1234 1177 28,
1256 1133 1311 1167 15.
1340 1133 1402 1167 καὶ
1428 1133 1562 1176 διεφη-

183 1180 310 1225 μίσθη
343 1178 362 1214 ὁ
389 1177 498 1226 λόγος
526 1182 631 1221 οὗτος
657 1181 757 1227 παρὰ
776 1177 974 1223 Ἰουδαίοις
1005 1182 1148 1228 μέχρι
1171 1182 1233 1225 τῆς
1266 1176 1436 1226 σήμερον.
1468 1180 1560 1212 Mat-

181 1226 329 1260 thaeum
349 1226 470 1261 habito
490 1228 686 1263 verborum
714 1226 856 1261 delectu
881 1229 1075 1264 exaravisse
1103 1228 1171 1270 ait,
1194 1225 1276 1272 quia
1301 1226 1373 1260 hoc-
1397 1224 1465 1259 sibi
1491 1237 1560 1258 vo-

184 1270 334 1307 luisset:
363 1273 520 1308 fabulam
547 1273 647 1306 illam
674 1281 756 1307 ante
778 1274 875 1308 hunc
901 1273 994 1307 diem
1022 1287 1097 1308 non
1127 1272 1308 1318 explosam
1333 1272 1460 1311 fuisse,
1493 1273 1561 1304 sed

183 1330 282 1351 nunc
302 1319 542 1363 manifestam
562 1331 639 1352 esse
649 1320 855 1363 fraudem,
881 1320 1073 1364 plaudente
1095 1319 1250 1353 VVahlio
1268 1317 1416 1362 CLmaj.
1429 1317 1473 1363 ll,
1491 1316 1561 1359 88.‚

183 1363 342 1400 Cal-min.
361 1377 398 1410 p.
411 1365 506 1400 208..
556 1364 675 1408 Quem
689 1366 902 1398 Tillmanm'
917 1366 1071 1410 argutias
1091 1364 1272 1410 decepisse
1283 1363 1411 1407 miror,
1444 1375 1558 1408 quum

183 1409 400 1443 Titlmanni
415 1411 575 1456 regulam
593 1411 769 1456 relligiose
786 1418 956 1456 sequutus
972 1410 1135 1444 fraudem
1156 1422 1200 1443 eo
1213 1410 1292 1450 ipso
1311 1410 1384 1446 die,
1411 1420 1482 1451 quo
1500 1409 1560 1440 ul-

184 1455 318 1489 timum
328 1456 526 1498 Evangelii
547 1464 657 1497 capue
680 1457 946 1500 conscriberet,
978 1456 1151 1490 detectam
1173 1467 1247 1489 esse
1266 1453 1487 1488 Matthaeum
1506 1465 1561 1487 ar-

179 1501 298 1548 guisse
322 1509 449 1548 putare
479 1502 621 1536 debeas,
667 1501 797 1535 Athen.
814 1501 893 1543 ΧΙΙ,
910 1503 967 1536 40.
995 1501 1125 1543 (Dtnd.
1146 1501 1194 1545 ll,
1213 1514 1249 1546 p.
1267 1499 1388 1543 1185.)
1408 1499 1560 1544 Κλέαρ-

178 1559 248 1594 χος
265 1562 312 1571 -
326 1545 492 1594 Σάγαρίν
508 1559 600 1591 φησι
616 1564 663 1573 -
679 1544 753 1580 ὑπὸ
771 1548 909 1610 τρυφῇς
925 1548 1117 1602 σιτεῖσθαι
1142 1546 1296 1601 -Ιμέχ
1308 1559 1349 1592 ρι
1372 1543 1491 1591 γήρως
1517 1548 1559 1581 ἐκ

232 1594 247 1603 υ
292 1593 306 1603 -ι
555 1591 566 1604 Ι
736 1592 741 1601 ι

181 1607 251 1630 του
264 1606 328 1637 της
345 1595 482 1636 τιτθῆς
499 1605 701 1639 στοματος,
725 1592 786 1627 ἱνα
803 1606 850 1637 μη
869 1605 1080 1637 μασωμενος
1103 1604 1300 1634 πονησειεν
1319 1610 1362 1617 -—
1374 1615 1386 1626 .
1433 1591 1559 1625 Clear-

182 1640 271 1675 chus
290 1647 387 1675 certe
405 1653 482 1675 non
501 1640 573 1675 hoc
599 1639 704 1683 dixit,
736 1637 884 1683 Sagarin
910 1639 1056 1685 ignavae
1084 1638 1241 1671 luxuriae
1266 1636 1469 1671 valedixisse
1495 1649 1557 1670 se-

180 1697 306 1725 nem.
323 1687 384 1720 sed
414 1692 635 1721 senectutem
662 1697 729 1731 pro
758 1685 799 1720 e&
827 1691 939 1719 aetate
965 1683 1287 1727 commemoravit,
1319 1682 1355 1716 in
1385 1680 1456 1728 qua
1479 1695 1559 1717 rem

181 1744 273 1778 quae
297 1732 335 1766 in
366 1731 666 1767 consuetudinem
695 1731 841 1765 verterit
865 1742 941 1764 non
972 1730 1076 1764 facile
1100 1729 1273 1766 dimittas.
1337 1727 1558 1774 Quicunque

176 1784 300 1812 autem
318 1790 430 1824 usque
449 1777 493 1813 ad
512 1777 581 1812 hoc
595 1783 735 1824 tempus
753 1776 886 1823 aliquid
909 1782 968 1810 aut
986 1775 1076 1817 fieri,
1098 1782 1157 1809 aut
1176 1788 1251 1808 non
1266 1773 1344 1807 fieri
1366 1774 1559 1815 affirmant,

177 1824 256 1859 sive
272 1825 378 1871 μέχρι
393 1830 532 1872 ponant
547 1822 620 1857 sive
639 1821 747 1871 ἄχρι,
769 1836 845 1858 rem
868 1824 910 1856 ab
929 1822 1049 1866 aliquo
1071 1829 1235 1866 tempore
1254 1832 1369 1865 usque
1387 1821 1430 1853 ad
1450 1832 1558 1865 prae—

178 1881 261 1904 sens
278 1878 422 1916 tempus
442 1872 501 1903 vel
515 1871 698 1903 inclusum
716 1871 775 1902 vel
795 1871 986 1902 exclusum
1017 1868 1155 1910 (utrum
1183 1879 1328 1911 quoque
1354 1865 1436 1900 loco
1466 1865 1558 1900 obti-

177 1922 261 1949 neat
279 1929 298 1950 e
319 1929 357 1950 re
374 1922 434 1949 aut
448 1913 676 1949 cohaerentia
697 1914 949 1959 cognoscitur)
969 1924 1110 1956 semper
1130 1917 1163 1945 et
1187 1912 1263 1944 sine
1289 1911 1558 1955 intercapedine

178 1966 240 1995 aut
259 1961 390 1996 factam
409 1967 469 1994 aut
489 1973 563 1994 non
581 1960 710 1994 factam
731 1973 804 1993 esse
823 1958 995 1992 indicant.
1045 1956 1240 1999 Matth.28,
1254 1957 1309 1989 15.
1336 1956 1458 1993 1223.
1482 1956 1557 1990 De·

177 2007 311 2041 mosth.
333 2006 424 2041 Phil.
440 2005 503 2048 ΙΙΙ,
522 2019 557 2051 p.
573 2006 646 2040 118.
660 2006 715 2040 12.
755 2004 881 2039 Reisls.
900 2023 944 2029 -·
961 2001 1055 2039 οὕτω
1073 2002 1112 2038 δὲ
1130 2004 1244 2043 κακῶς
1264 2001 1488 2048 διακείμεθα
1498 2010 1559 2045 -,“

178 2049 264 2095 ὥστ’,
287 2049 344 2097 (iix
356 2066 376 2099 ρ
389 2067 402 2087 ι
424 2053 488 2096 τῆς
504 2050 659 2098 τήμερον
684 2050 823 2098 ἡμέρας
844 2048 952 2085 οῦδὲν
965 2070 1014 2077 —
1030 2051 1099 2085 τῶν
1121 2045 1377 2096 συμφερόντων
1391 2067 1437 2074 ·-
1455 2050 1556 2093 πρᾶ-

179 2100 242 2140 ξαι
285 2098 506 2145 δυνάμεθα·
553 2097 606 2132 Ne
648 2098 782 2138 multa;
823 2093 910 2142 ἄχρι
951 2102 986 2129 et
1025 2097 1132 2142 μέχρι
1175 2096 1280 2129 etiarn
1316 2095 1359 2128 de
1391 2101 1555 2140 tempore

177 2147 388 2191 promiscue
421 2149 651 2190 usurpantur.
716 2143 825 2177 Hebr.
844 2145 888 2186 3,
915 2142 950 2177 6.
983 2144 1123 2189 μέχρι
1145 2142 1283 2182 τέλους.
1319 2139 1406 2176 ibid.
1426 2140 1467 2186 6,
1499 2142 1552 2176 11.

177 2190 290 2238 ἄχρι
312 2193 452 2232 τέλους.
499 2193 581 2225 Act.
603 2190 637 2236 3,
655 2191 711 2223 21.
745 2186 851 2235 ἄχρι
878 2185 1018 2235 χρόνων
1045 2185 1375 2227 ἀποκαταστάσεως
1399 2185 1555 2222 πάντων.

179 2239 293 2274 Eebr.
313 2239 347 2280 9,
368 2241 421 2272 10.
446 2236 582 2283 μέχρι
606 2236 736 2280 καιροῦ
755 2235 987 2282 διορθώσεως
1001 2255 1062 2269 ——.
1102 2235 1255 2280 Dionys.
1276 2233 1321 2269 H.
1335 2232 1432 2266 A.R.
1454 2234 1555 2276 1,18.

182 2284 295 2331 ἄχρι
322 2285 473 2320 πολλοῦ.
521 2283 553 2323 2,
573 2284 627 2317 10.
658 2283 802 2328 μέχρι
835 2283 992 2317 πολλοῦ.
1048 2282 1146 2317 Plut.
1173 2281 1317 2325 Septem
1343 2278 1554 2324 sapientum

184 2329 339 2367 Conviv.
358 2344 390 2365 c.
410 2332 445 2370 2,
469 2327 577 2375 ἄχρι
604 2342 646 2375 γε
666 2330 742 2364 νῦν.
781 2329 900 2375 Longi
920 2327 1091 2363 Pastoral.
1111 2327 1173 2360 lib.
1189 2325 1223 2360 4.
1242 2338 1277 2371 p.
1299 2323 1379 2359 113.
1407 2323 1553 2360 Villois.

181 2376 318 2423 μέχρι
342 2378 418 2411 νῦν.
464 2376 655 2409 Postremo
675 2375 806 2410 Tittrn.
829 2388 863 2420 p.
881 2375 962 2421 37„
986 2373 1068 2419 quia
1092 2370 1207 2419 „1²13in
1234 2384 1308 2404 non
1335 2369 1466 2413 finem,
1489 2371 1552 2404 sed

178 2423 294 2468 ipsam
320 2420 544 2456 durationem
573 2422 740 2465 denotet,
776 2433 838 2454 seu
863 2426 980 2454 totum
1007 2426 1167 2465 tenipus,
1194 2428 1268 2462 quo
1293 2429 1348 2449 res
1378 2416 1553 2460 quaedam

182 2469 385 2507 duraverit,
410 2468 469 2502 sed
487 2467 592 2513 μέχρι
606 2467 715 2501 finem
735 2467 914 2512 designet,
962 2479 1010 2499 uo
1029 2477 1103 2498 esse
1129 2461 1296 2496 desierit”
1342 2462 1435 2495 Luc.
1445 2460 1549 2502 4,13.

181 2515 266 2549 Act.
291 2513 343 2554 13,
362 2515 416 2547 11.
454 2510 540 2559 ἄχρι
575 2515 706 2560 καιροῦ
746 2513 894 2558 explicat
936 2525 1018 2554 εως,
1049 2511 1156 2554 μέχρι
1181 2509 1308 2549 τέλους
1338 2508 1487 2542 Wahlio
1516 2513 1551 2542 et

179 2559 327 2603 Meyero
346 2560 389 2594 ad
409 2560 499 2594 Luc.
520 2560 553 2602 4,
576 2560 631 2594 13.
653 2557 961 2604 adstipulantibus.
1011 2556 1085 2600 Qui
1112 2556 1171 2589 ille
1199 2567 1276 2588 rem
1306 2553 1428 2588 animo
1456 2565 1550 2588 con-

181 2605 318 2650 ceperit
341 2605 439 2639 dictu
466 2605 610 2639 difficile
637 2612 700 2639 est.
757 2605 939 2639 Debuerat
969 2609 1087 2636 autem
1116 2602 1168 2635 sic
1195 2599 1347 2633 versari:
1371 2610 1485 2644 usque
1505 2599 1548 2633 ad

172 2652 296 2698 finem
314 2650 504 2696 temporis,
529 2649 626 2696 quod
646 2656 678 2683 et
696 2662 791 2683 nunc
808 2655 863 2682 cst
880 2654 913 2681 et
931 2660 1114 2692 nunquam
1132 2659 1205 2680 non
1223 2645 1289 2679 erit
1307 2645 1332 2680 i.
1352 2657 1384 2679 e.
1406 2646 1443 2678 in
1463 2657 1546 2690 per-

181 2704 331 2744 petuum
358 2695 398 2738 (i.
421 2709 454 2742 q.
478 2692 529 2730 6⁶³
548 2695 676 2735 αἰῶνος
690 2696 758 2730 Jes.
775 2695 899 2737 60‚22.
926 2694 982 2730 Cf,
1003 2692 1286 2735 2Mace.14,15.
1311 2689 1396 2737 ἄχρι
1420 2690 1550 2731 αἰῶνος

181 2756 295 2788 usque
322 2743 366 2776 ad
387 2743 558 2788 temporis
584 2742 712 2784 finem,
739 2753 846 2786 quem
873 2752 1039 2783 praesens
1064 2737 1147 2773 facit
1172 2737 1342 2782 temporis
1363 2736 1547 2779 articulus,

181 2801 296 2835 usque
311 2789 458 2834 adhuc).
495 2788 553 2823 Cf.
572 2799 662 2833 quae
680 2800 785 2834 supra
804 2786 840 2821 in
860 2785 1061 2821 Commeat.
1077 2784 1119 2820 ad
1136 2783 1230 2821 hune
1248 2796 1302 2823 vs.
1324 2782 1544 2819 monuimus.
