1752 3347
45 1834 100 1866 X&

178 82 265 126 408
461 76 977 121 EPISTULAAD
1010 74 1372 118 ROMANOS

178 186 338 245 positis
365 184 533 226 diversa
566 184 701 226 obiter
729 183 807 224 hoc
837 187 964 240 pacto
995 182 1225 225 afferrent!
1271 182 1506 224 Enimvero
1538 180 1651 227 ν.οὑ

177 241 260 298 γάρ
290 240 387 283 ἐστε
418 257 454 281 κ.
473 255 511 282 τ.
533 236 568 281 ὲ.
600 254 889 297 praegressae
918 238 1235 296 disputationis
1266 237 1653 294 ἀνακεφαλαίωσιν

175 298 415 340 continent.
456 296 665 354 Plerique
688 297 954 354 interpretes
982 296 1178 351 (Claros-3„
1212 295 1488 346 Theodorei„
1522 295 1653 336 Theo-

176 355 318 410 phyl„
346 354 476 397 schol.
497 352 689 407 Martie,
718 354 900 406 Clarius,
933 353 1070 404 Grot.,
1101 353 1194 395 chr.
1215 352 1289 394 Fr.
1308 352 1513 404 Schmid„
1544 351 1654 393 le-

178 413 284 454 (ιιι-ι’.
308 411 389 465 al.)
421 410 520 452 huic
551 410 698 453 versui
719 411 917 452 solatium
943 410 1088 451 inesse
1110 413 1290 450 censent
1309 409 1353 449 in
1373 422 1423 450 eo
1445 408 1654 464 positum,

177 467 295 524 quod
315 468 543 510 victoriam
575 466 628 509 de
649 465 834 509 Peccato
859 473 1088 524 reportare
1117 465 1201 523 jam
1223 466 1367 507 minus
1388 465 1573 506 arduum
1595 464 1657 506 sit

176 524 342 567 homini
370 525 549 577 christ.,
591 539 718 581 quam
751 524 853 565 olim
875 524 1010 565 fuerit
1039 516 1212 566 val'ente
1232 523 1332 577 lege
1354 537 1488 574 mos.,
1526 522 1570 565 h.
1592 534 1656 564 r.:

177 582 341 623 nullam
359 580 591 623 Peccatum
613 586 877 638 potestatem
899 581 943 622 in
964 595 1040 622 vos
1062 594 1270 622 exercere
1292 579 1414 637 passi
1436 579 1507 636 pie
1526 578 1659 620 vivite

177 640 239 694 (v.
258 639 328 681 12.
361 639 468 695 13.).
499 639 619 680 Nam
645 643 869 692 peccatum
903 638 1089 690 nullum,
1134 636 1238 678 mihi
1273 637 1457 688 credite,
1504 636 1546 677 in
1584 648 1655 677 vos

177 696 444 738 deminutum
464 694 659 746 habebit3
689 708 770 736 mm
791 695 903 736 enim
924 694 1006 748 leqi
1025 708 1129 736 mos.
1158 697 1292 749 (quae
1313 693 1455 749 primo
1479 690 1657 748 quidem

178 766 291 808 quae
310 750 505 793 facienda
527 756 572 792 et
591 749 829 793 omittenda
853 752 942 792 sint
965 748 1265 791 tantummodo
1289 749 1416 790 docet
1436 751 1478 801 7,
1506 751 1550 793 7.
1570 763 1656 791 non

177 809 296 851 vires
316 808 369 850 ad
391 809 598 866 pietatem
617 807 894 866 suppeditat,
925 806 1084 849 deinde
1109 805 1318 864 peccandi
1338 805 1567 847 libidinem
1587 806 1659 847 ir·-

176 867 287 908 ritat
318 867 467 923 potius
496 880 622 922 quam
649 865 773 907 sedat
792 867 842 915 7,
862 866 902 907 5.
924 864 965 906 8.
985 879 1110 920 sqq.,
1158 862 1346 918 denique
1380 862 1567 903 salutem
1601 862 1658 904 iis

178 923 397 980 spondens
427 923 504 979 qui
531 938 554 964 a
578 923 750 964 nemine
778 922 931 963 ell'ecta
957 920 1267 977 praestiterint
1286 920 1388 962 Gal.
1407 919 1449 971 3,
1471 920 1538 961 12.
1567 923 1659 960 tre-

176 979 447 1038 pidationem
466 979 624 1021 animis
644 978 812 1036 injicit,
844 992 929 1020 non
952 976 1111 1019 fiducia
1135 977 1333 1018 homines
1357 975 1535 1030 imbuit)
1560 975 1660 1018 sub-

176 1036 286 1094 jecti
303 1039 431 1090 estis,
457 1037 531 1079 secl
552 1036 636 1078 div.
660 1036 910 1078 clementiae
929 1038 1061 1091 (quae
1080 1040 1172 1076 tum
1197 1034 1301 1076 olim
1325 1033 1661 1075 commissorum

177 1100 456 1152 peccatorum
487 1093 656 1135 veniam
686 1091 830 1145 dedit,
878 1096 970 1133 tum
1002 1106 1056 1133 ne
1084 1092 1128 1132 in
1154 1097 1379 1149 posterum
1401 1096 1661 1148 peccaretur

179 1166 255 1193 eos
285 1152 361 1207 qui
389 1150 517 1199 fidem
547 1149 794 1192 habuerunt
824 1147 911 1192 div.
943 1150 1129 1206 spiritus
1156 1147 1381 1206 praesidio
1408 1147 1600 1189 firmavit
1619 1146 1664 1200 8,
1711 1151 1718 1156 '

178 1208 250 1252 15.
283 1207 587 1263 Gal.5‚22.).
656 1206 825 1248 Verum
856 1206 1101 1259 enimvero,
1140 1203 1502 1262 quemadmodum
1534 1217 1662 1257 error

176 1266 297 1324 parit
317 1279 536 1317 errorem,
565 1265 626 1306 ita
648 1264 733 1308 ista
758 1263 988 1306 verborum
1011 1259 1106 1315 “Λμ.
1129 1278 1165 1318 7.
1198 1262 1235 1306 ὑ.
1271 1261 1332 1305 οὐ
1361 1257 1662 1316 κυριεύσει

179 1323 418 1380 explicatio
445 1336 468 1363 e
494 1321 611 1363 salsa
643 1336 759 1364 vot-c.
780 1335 820 1364 v,
844 1321 911 1364 12.
937 1318 999 1376 μὴ
1033 1315 1109 1363 obv
1136 1317 1490 1373 βασιλευέτω
1523 1312 1660 1373 ἡἈμ.

178 1396 216 1422 κ.
229 1395 266 1421 τ.
281 1378 701 1435 2..interpretatione
722 1378 926 1421 manavit.
973 1377 1145 1435 Nempe
1166 1377 1206 1419 si
1230 1374 1282 1420 οὗ
1299 1373 1520 1432 κυριεύσει
1543 1378 1663 1417 recte

178 1436 491 1494 explanat-eris
522 1450 623 1478 non
654 1435 767 1478 vobis
795 1435 1051 1490 imperabit,
1103 1449 1202 1476 non
1229 1437 1487 1490 potestatem
1519 1432 1562 1473 in
1590 1444 1662 1474 vos
1712 1455 1716 1457 ·

178 1494 418 1545 exercebit,
458 1494 731 1550 Apostolum
753 1492 1010 1534 consolandi
1038 1490 1187 1535 studio
1203 1490 1381 1546 longius
1406 1493 1676 1547 provectum⁴

176 1551 305 1607 plura
326 1550 569 1592 lectoribus
592 1550 852 1607 promisisse
876 1564 1004 1605 quam
1029 1564 1104 1592 res
1134 1554 1178 1591 et
1208 1549 1374 1590 veritas
1407 1545 1665 1589 concederet

178 1611 379 1664 apparet.
459 1607 610 1649 Habet
637 1608 752 1649 enim
778 1605 1011 1649 Peccatum
1043 1607 1175 1649 etiam
1208 1606 1253 1647 in
1279 1604 1478 1647 homines
1505 1603 1663 1647 christ.

178 1663 412 1720 imperium
435 1663 536 1706 Gal.
555 1664 596 1715 5,
621 1665 690 1706 16.
717 1678 803 1719 sq..
879 1662 968 1705 Sed
1000 1677 1085 1705 non
1115 1668 1328 1720 ceperunt
1359 1660 1411 1703 οὐ
1439 1657 1663 1714 κυριεύσει

177 1720 258 1762 hoc
286 1719 412 1761 modo
442 1719 510 1760 illi
535 1719 823 1776 interpretes,
861 1719 935 1774 qui
963 1720 1114 1775 paucis
1146 1720 1341 1775 exceptis
1369 1718 1447 1758 hoc
1472 1716 1662 1758 Paulum

177 1776 421 1818 lectoribus
443 1776 651 1817 solatium
673 1775 832 1816 all'erre
854 1775 1140 1817 contendant:
1169 1775 1346 1830 facilius
1369 1787 1481 1814 nunc
1503 1771 1663 1815 Pecca-

178 1839 270 1875 tum
303 1832 418 1875 vinci
447 1846 600 1889 posse,
650 1846 778 1899 qupm
821 1831 924 1898 olim
954 1832 1150 1888 potuerit
1184 1831 1359 1884 vigente
1396 1831 1495 1883 lege
1535 1842 1665 1873 mos„
1723 1874 1726 1879 ,

179 1890 250 1934 Cf.
272 1904 314 1931 v.
337 1903 374 1932 c.
389 1888 560 1942 Chrysa
587 1913 642 1918 ——
671 1904 721 1929 το
746 1888 874 1940 σῶμα
900 1888 1020 1943 ημῶν
1040 1885 1129 1943 πρὸ
1150 1886 1230 1939 μὲν
1250 1887 1328 1941 τῆς
1346 1886 1424 1927 τοῦ
1445 1888 1533 1940 λ’ρ.
1553 1900 1664 1942 παρ-

180 1945 338 1996 ουσίας
368 1943 695 2013 εὐχείρωτον
724 1938 775 2000 ἦν
815 1945 867 2001 τῇ
896 1941 1108 2000 ἁμαρτίᾳ.
1138 1968 1193 1973 -
1239 1940 1396 1997 ἐπειδὴ
1438 1942 1486 1983 δὲ
1521 1937 1545 1982 ὃ
1572 1943 1663 1998 Χρ.

181 2001 450 2059 παραγέγονε
473 2018 527 2043 τα
550 1998 840 2054 παλαίσματα
863 1999 1023 2042 λοιπὸν
1053 2015 1071 2041 ε
1087 1997 1110 2042 1³>
1123 2017 1147 2041 κ
1159 2015 1181 2041 e
1193 1999 1216 2040 λ
1230 1996 1263 2040 ώ
1276 2014 1299 2040 τ
1310 2014 1329 2040 ε
1342 2014 1366 2054 ρ
1378 2014 1406 2040 α
1426 1996 1590 2054 γέγονε.
1620 2002 1667 2042 et
1726 2025 1732 2033 ·

183 2062 337 2104 Grot.:
366 2059 568 2113 „facilem
588 2058 712 2100 vobis
726 2057 918 2115 spondeo
939 2057 1183 2109 victoriam,
1206 2054 1332 2097 modo
1358 2070 1410 2097 ne
1432 2055 1535 2097 sitis
1556 2055 1665 2111 ῥιψ-

180 2115 385 2167 άσπιδες.
461 2115 562 2158 Non
590 2130 666 2158 ecte
696 2129 808 2157 nunc
836 2115 956 2157 vires
987 2119 1091 2156 suut
1123 2113 1298 2156 Peccati
1325 2112 1379 2154 ad
1410 2127 1488 2155 vos
1516 2111 1665 2155 debel-

181 2172 339 2217 landos
367 2188 476 2230 quite
505 2173 605 2215 olim
631 2170 798 2229 fecerest'
883 2172 1158 2213 Enarrarnnt
1191 2171 1328 2225 igitur
1361 2167 1412 2212 οὗ
1442 2169 1668 2225 κυριεύσει

182 2245 269 2273 uon
291 2230 407 2273 vobis
432 2230 642 2284 potietur,
683 2244 764 2271 mm
794 2243 864 2270 ros
882 2229 1130 2283 superabit,
1170 2228 1397 2270 debellabit
1418 2224 1571 2281 (Phot.
1592 2240 1665 2284 ap.

184 2287 293 2332 Oec.
324 2313 379 2318 —
409 2283 523 2327 ἀλλὰ
542 2283 809 2340 προςβά),λει
829 2285 909 2338 μὲν
941 2286 1034 2340 [νῦν
1056 2280 1356 2341 ἶ]Ἀιιαρτιά],
1399 2281 1667 2339 οὖκυριεύει

184 2343 293 2399 δὲ),
334 2342 450 2401 quod
482 2342 715 2384 consilium
747 2341 1064 2399 disputationis
1096 2341 1203 2383 ordo
1236 2355 1319 2383 non
1343 2340 1525 2398 recipit,
1563 2339 1668 2393 nisi,

184 2402 298 2443 male
318 2399 508 2458 quidem,
534 2398 788 2452 βασιλεύειν
811 2414 850 2443 v.
867 2400 934 2442 12.
957 2398 1009 2440 de
1032 2399 1256 2452 tyratmico
1277 2398 1527 2455 principatu
1549 2412 1668 2439 sum-

186 2458 317 2502 scris.
396 2456 634 2499 Praeterea
663 2454 714 2499 P.
746 2455 825 2497 hoc
856 2461 983 2513 pacto
1011 2452 1347 2511 κατακυριεῦσει
1375 2456 1483 2498 Act.
1506 2455 1573 2506 19,
1596 2456 1665 2498 16.

184 2515 376 2557 fortasse
415 2513 610 2556 scribere
646 2513 891 2557 maluisset.
979 2511 1109 2555 Certe
1150 2509 1337 2566 κυριεύω
1376 2510 1496 2561 τινός
1525 2509 1667 2554 Paulo

187 2572 300 2614 alias
330 2586 503 2629 semper
532 2572 650 2612 valet
680 2569 867 2626 alicujus
894 2570 1109 2611 dominum
1137 2583 1249 2620 esse,
1299 2569 1429 2611 alicui
1455 2569 1668 2624 imperant

187 2632 251 2682 (v,
271 2630 314 2671 9.
343 2630 386 2680 7,
410 2630 449 2670 l.
485 2628 555 2675 14,
576 2629 618 2670 9.
651 2627 679 2668 2
699 2625 802 2671 Cor.
827 2630 873 2679 1,
893 2627 965 2669 24.
1001 2629 1023 2668 l
1048 2626 1167 2669 Tim.
1186 2627 1236 2677 6,
1261 2626 1375 2678 15.)‚
1417 2639 1502 2667 non
1531 2626 1663 2668 alicu-

182 2685 263 2742 jus
290 2685 503 2727 dominum
533 2682 657 2737 sieri,
705 2684 846 2741 aliquo
870 2683 1018 2739 potiri.
1085 2682 1227 2725 Simul
1258 2682 1370 2725 illud
1390 2687 1491 2724 aute
1518 2681 1664 2724 oeulos

191 2746 274 2794 est,
303 2755 388 2784 non
410 2742 612 2799 potuisse
635 2740 838 2795 Paulum,
868 2744 1099 2800 postquam
1120 2744 1284 2797 quanta
1304 2739 1449 2783 officia
1471 2738 1666 2782 homines
