1752 3347
221 193 313 241 244
508 189 892 237 EPISTOLA
920 188 1024 233 AD
1053 186 1418 236 ROMANOS

224 295 492 356 expendisse
521 310 618 339 eum
649 292 824 352 quidem
854 307 978 337 suam
1014 297 1060 336 et
1088 294 1244 337 uxoris
1273 297 1542 338 senectutem
1581 308 1695 353 quae

225 355 317 400 div.
339 355 558 413 promisso
583 352 759 394 obstare
785 350 1037 402 videretur,
1075 350 1154 393 sed
1180 350 1501 394 dubitationem
1530 353 1592 394 sie
1616 353 1695 394 ob-

226 416 370 456 ortam
389 426 443 454 ex
463 409 608 451 animo
628 407 829 466 ejecisse,
854 422 985 465 quum
1004 407 1146 450 Deum
1167 410 1312 451 omnia
1329 422 1461 466 posse
1481 408 1696 462 cogitaret

224 471 292 568 ἓν.
310 468 423 522 21.).
483 466 552 509 Cf.
573 458 689 509 Calc.
709 470 754 508 et
773 466 912 524 ζῖνοΐ..
956 480 992 506 τ.
1019 461 1053 506 ἓ.
1074 479 1115 507 σ.
1134 458 1220 520 ἤδη
1241 467 1421 521 venna]
1455 479 1581 506 suum
1595 463 1698 519 jam

259 525 497 582 ecrepitum
518 537 694 578 eorpus,
749 522 923 564 vocula
953 515 1060 576 ἤδη,
1093 536 1227 577 quum
1261 522 1305 563 in
1333 521 1560 563 nonnnllis
1594 520 1698 561 sub-

225 580 359 625 sidiis
386 580 462 636 (F.
485 577 541 622 G.
567 580 640 622 47.
672 578 808 622 Barh.
829 581 870 622 l.
899 578 1004 634 Syr.
1033 577 1141 635 Erp.
1171 578 1332 634 Chrys,
1357 580 1439 631 al.)
1471 577 1611 628 desit,
1652 577 1698 618 in

224 637 367 693 vulg.
385 636 454 680 ed.
475 641 576 678 ante
597 633 907 691 ἐκατονταέτης
933 636 1174 677 collocetur
1204 638 1320 690 (cum
1343 634 1444 690 jam
1475 637 1566 676 sere
1596 647 1699 676 cen-

225 699 321 738 tum
338 698 459 736 esset
478 693 713 747 annorum)
731 691 857 736 valde
876 706 951 734 sus
985 696 1079 734 ecta
1098 697 1182 742 est,
1204 697 1255 734 ut
1273 707 1401 749 quam
1421 692 1699 745 glossatores

226 751 446 811 adjecisse
463 749 723 794 videantur:
747 763 789 794 V.
804 748 925 792 Mill.
946 707 1069 793 lifol.
1091 750 1243 804 §.791.
1263 755 1307 790 et
1322 749 1523 791 Lac-lun..
1563 745 1699 789 Adde

226 806 348 866 quod
377 801 460 863 ἤδη
495 805 612 863 quod
638 807 820 861 languet
850 805 1087 848 obliterato
1114 811 1159 848 et
1186 807 1347 848 fortior
1373 810 1442 846 est
1473 803 1526 848 P.
1553 804 1699 846 oratio

225 869 340 921 (non
359 867 549 906 mentem
571 862 727 904 defixit
745 863 790 904 in
819 876 900 904 suo
929 877 1112 919 corpore
1139 864 1435 916 praemortuo)
1468 865 1511 902 et
1538 861 1588 902 τὸ
1616 860 1699 902 τοῦ

221 919 344 977 Ἄβρ.
376 921 504 972 σῶμα
542 918 954 974 νενεκρωμένον
983 919 1038 960 ad
1067 916 1146 973 τὴν
1185 918 1468 971 νέκρωσιν
1503 918 1583 972 τῆς
1607 913 1700 973 μή·-

227 991 339 1034 τρας
355 975 530 1033 Σάρρας
561 976 814 1018 concinnius
845 976 1052 1018 refertur.
1109 974 1230 1028 Ergo
1259 968 1343 1029 «ἷξὸη
1365 972 1525 1015 delew‘.
1577 987 1701 1014 νενε-

227 1051 255 1076 x
288 1031 473 1087 ωμὲνον]
536 1032 675 1075 Multi·
698 1033 988 1088 interpretes,
1024 1030 1274 1073 Abrahami
1306 1044 1467 1086 corpus
1488 1029 1580 1087 jam
1606 1034 1700 1070 tum

227 1105 253 1134 e
289 1094 406 1133 etum
425 1089 594 1141 vocari,
624 1089 820 1145 qtuun'ei
850 1103 873 1130 e
893 1088 1006 1130 Sara
1036 1086 1342 1144 suscipiendus
1372 1087 1490 1128 tilius
1520 1090 1700 1143 porten-

227 1146 413 1191 deretur
437 1147 548 1189 Gen.
572 1148 639 1197 17,
658 1144 724 1187 15.
747 1159 839 1201 sq.,
870 1144 1018 1186 mirati
1049 1149 1152 1186 sunt
1172 1150 1404 1201 propterea
1421 1176 1433 1196 ,
1464 1141 1580 1199 quod
1599 1146 1701 1199 post

227 1202 370 1247 Sarae
390 1202 555 1246 obitum
577 1203 743 1244 liberos
773 1205 1053 1258 procreasset
1073 1216 1126 1243 ew(
1151 1201 1327 1244 Keturfi
1352 1201 1461 1243 Gen.
1482 1200 1555 1253 25,
1579 1202 1619 1242 1.
1637 1199 1701 1243 2..

227 1259 376 1317 Quem
403 1260 657 1316 scrupulum
687 1262 735 1300 ut
765 1257 852 1299 sihi
880 1259 1146 1312 eximerent,
1191 1259 1421 1314 Auynste'n.
1449 1256 1502 1298 de
1525 1257 1606 1299 civ.
1637 1254 1700 1299 D.

227 1319 300 1370 16,
320 1317 393 1361 28.
407 1348 418 1369 ,
450 1315 632 1359 Lueher.
652 1314 709 1357 ad
728 1314 839 1359 Gen.
857 1315 940 1359 1.l.
954 1348 966 1367 ,
999 1317 1173 1360 Erasm.
1194 1316 1352 1358 Ile-um.
1372 1315 1430 1357 al.
1454 1313 1536 1355 dici
1550 1313 1702 1355 Abra-

225 1374 405 1416 hamum
426 1371 721 1428 decrepitum,
750 1386 836 1414 nou
856 1371 974 1429 quod
1000 1373 1095 1429 ipse
1119 1372 1212 1432 jam
1238 1377 1358 1414 esset
1384 1386 1520 1413 senex
1549 1369 1702 1412 decre-

226 1429 373 1488 pitus,
404 1428 484 1471 sed
514 1427 631 1484 quod
661 1442 713 1471 ex
733 1427 870 1482 Sara,
910 1430 1057 1471 sterili
1085 1444 1194 1483 anu,
1230 1430 1377 1471 nullos
1403 1428 1572 1470 liberos
1597 1440 1703 1484 pro-

225 1500 380 1529 creare
408 1486 651 1543 potuisset,
689 1490 991 1531 autumarunt.
1049 1485 1248 1542 Quorum
1277 1487 1497 1528 inventum
1521 1483 1572 1527 P.
1602 1497 1702 1524 ver-

225 1543 300 1586 his
321 1539 638 1610 ἓκατονταέτης
658 1556 747 1584 που
768 1538 978 1598 ὑπάρχων
998 1548 1239 1599 repugnat,
1270 1542 1430 1598 quibus
1447 1555 1564 1584 voce.
1592 1538 1642 1581 τὸ
1664 1535 1702 1580 ἓ.

227 1612 706 1654 σ.νενεκρωμενον
731 1599 848 1640 ratio
878 1598 1103 1642 redditur:
1145 1600 1344 1656 effetum,
1374 1598 1574 1654 inquam,
1603 1610 1702 1637 cor-

260 1670 340 1708 us,
377 1668 506 1711 quum
539 1657 708 1695 centum
759 1668 830 1698 ero
857 1669 991 1697 annos
1022 1660 1151 1698 mlius
1179 1659 1303 1698 esset.
1362 1655 1503 1707 Galea,
1544 1653 1703 1705 Calon„

224 1670 368 1767 ἢθη-ᾳ,
388 1711 448 1754 al.
473 1709 614 1751 fuisse
638 1709 712 1766 qui
746 1725 811 1753 em
832 1711 1008 1755 Abrah.
1037 1717 1128 1754 tum
1155 1711 1285 1754 effeto
1315 1725 1495 1768 corpore
1522 1714 1704 1751 conten-

223 1767 362 1822 dunt,
394 1765 473 1810 sed
489 1766 636 1808 Deum
656 1765 753 1826 ejus
774 1774 1065 1821 senectutem,
1097 1783 1230 1824 quum
1253 1767 1452 1809 lsaacum
1485 1767 1705 1822 gigneret,

225 1823 338 1868 adeo
357 1837 620 1877 renovasse,
649 1829 698 1865 ut
719 1823 932 1866 divinitus
955 1826 1236 1883 suppeditata
1263 1825 1330 1866 vis
1351 1825 1481 1866 etiam
1508 1823 1564 1864 ad
1590 1822 1704 1865 libe-

224 1894 304 1925 ros
331 1895 387 1923 ex
407 1879 582 1922 Ketura
613 1881 907 1936 procreandos
937 1888 1091 1939 postea
1119 1881 1359 1925 suffecerit.
1416 1880 1521 1923 Fuit
1549 1880 1594 1921 in
1624 1879 1704 1920 hae

225 1938 451 1981 sententia
481 1937 674 1978 sortasse
704 1937 894 1979 Genesis
923 1939 1138 1994 scriptor,
1169 1939 1246 1994 qui
1274 1938 1525 1994 suscepisse
1552 1936 1702 1980 Abra-

225 1995 404 2039 hamum
434 1993 481 2035 in
511 1993 709 2035 extrema
737 1998 960 2036 senectute
989 1995 1157 2037 liberos
1190 2008 1242 2036 ex
1271 1994 1443 2036 Ketura
1474 1993 1618 2035 obiter
1653 1997 1704 2034 ut

225 2065 323 2096 rem
350 2050 529 2093 minime
557 2049 711 2091 miram
739 2051 905 2093 referat
934 2052 1046 2096 Gen.
1064 2052 1136 2104 25,
1159 2053 1199 2095 1.
1217 2051 1286 2105 2.,
1347 2065 1576 2107 uamquam
1608 2048 1705 2091 lieri

227 2111 403 2167 potest,
433 2112 483 2149 ut
503 2105 556 2149 de
574 2107 819 2150 Abrasami
839 2108 972 2150 rebus
1000 2123 1085 2150 non
1119 2067 1459 2166 philosoliliatus
1488 2105 1705 2165 simpliei-

228 2171 302 2209 ter
329 2170 533 2207 narraret
565 2178 850 2221 quaecunque
881 2164 934 2207 de
965 2166 1142 2209 Abrah.
1171 2166 1286 2207 sanni
1323 2164 1581 2221 accepisset.
1646 2161 1706 2207 P.

230 2226 352 2265 certe
374 2221 419 2263 in
439 2224 613 2278 tempus
639 2235 725 2277 quo
745 2221 927 2264 lsaaeus
943 2223 1201 2264 Abrahamo
1228 2221 1568 2280 portenderetur
1590 2221 1705 2264 Gen.

231 2278 306 2332 17,
336 2277 405 2322 15.
425 2292 494 2334 sq.
521 2277 649 2320 unice
681 2277 876 2320 intentus
907 2278 962 2321 de
989 2279 1096 2321 filiis
1124 2284 1277 2336 postea
1305 2293 1358 2321 ex
1390 2278 1561 2321 Ketura
1601 2291 1704 2335 pro-

230 2335 396 2379 creatis
424 2335 538 2378 Gen.
557 2334 635 2386 25,
655 2333 700 2377 2.
724 2349 778 2376 ne
809 2336 1020 2391 cogitavit
1048 2336 1248 2392 quidem:
1285 2350 1326 2380 v,
1347 2340 1438 2379 not.
1467 2334 1522 2377 ad
1552 2349 1593 2377 v.
1618 2335 1703 2378 13..

230 2389 353 2436 ἑκατ.
381 2406 493 2433 που
523 2388 619 2448 ὑπ]
660 2396 832 2434 centum
857 2393 953 2449 fere
988 2395 1106 2448 (erat
1135 2393 1249 2435 enim
1287 2392 1522 2450 nonaginta
1550 2403 1700 2433 novem

231 2449 292 2494 cf.
313 2448 427 2493 Gen.
448 2450 515 2501 17,
536 2449 577 2493 1.
593 2448 666 2492 24.
687 2449 744 2493 cl.
767 2450 859 2503 17.)
887 2464 1025 2491 annos
1045 2454 1192 2494 natus.
1242 2446 1304 2492 ‘H
1322 2448 1553 2506 νέκρωσις,
1586 2442 1700 2504 qnod

232 2518 276 2550 v.
297 2505 439 2548 active
457 2504 796 2562 interfectionem
814 2511 961 2559 notat,
990 2508 1167 2564 passive
1187 2512 1279 2549 tum
1302 2507 1333 2550 i.
1353 2521 1396 2562 q.
1418 2504 1468 2547 τὸ
1491 2504 1699 2560 νεκροῦσ-

232 2562 333 2611 θαι,
363 2566 438 2608 bct&
456 2563 686 2616 lesterbcnp
715 2562 961 2618 lanquorem
981 2569 1273 2616 auqesci‘ntem
1291 2563 1487 2605 declarat
1515 2564 1619 2617 (ita,
1650 2562 1699 2599 ut

230 2615 424 2671 videtur,
446 2619 490 2660 in
511 2620 697 2661 Astram
733 2619 857 2674 sychi
875 2621 1049 2662 senario
1067 2621 1253 2675 legitur,
1284 2635 1410 2676 quem
1431 2624 1530 2686 post
1544 2615 1699 2670 Νεκριῦ

231 2672 425 2729 λέγουσα
452 2674 582 2718 affert
604 2674 684 2718 Sui
718 2690 789 2720 as:
817 2677 998 2733 νεκροὺς
1028 2672 1145 2734 ὁρῷν
1170 2677 1379 2731 νέκρωσιν
1410 2675 1522 2727 ἔξεις
1551 2686 1698 2726 npczy-

268 2732 431 2784 ατων),
461 2738 552 2773 tum
589 2733 620 2776 i.
642 2731 766 2788 (1511)
795 2735 1114 2788 νενεκρῶσθαι,
1146 2738 1219 2779 bat}
1238 2731 1591 2792 legcstorbcnstin,
1623 2742 1697 2768 va-

252 2790 319 2839 et,
343 2786 460 2843 quod
482 2788 556 2829 ubi
575 2790 754 2846 proprie
773 2789 936 2832 dicitur
950 2796 1127 2834 mortem
1149 2805 1277 2846 quam
1300 2789 1451 2832 obieris
1477 2785 1701 2840 siguificat

227 2843 281 2900 (2
300 2841 404 2890 Cor.
424 2844 478 2897 4,
509 2845 579 2889 10.
602 2847 719 2901 11.),
750 2846 826 2890 uhi
854 2847 1068 2902 figurate,
1105 2852 1315 2904 torporem
1344 2845 1698 2894 consummatum,
