1752 3347
541 172 703 222 GAP.
734 173 796 220 V.
839 173 937 221 Vs.
968 173 1067 221 lo..
1459 170 1547 214 2⁷5

73 284 368 344 sempiternas
386 297 551 342 poenas
570 297 652 343 per
670 281 882 327 Messiam
902 279 1138 337 irrogando
1164 277 1230 337 (2,
1245 277 1291 326 8.
1320 277 1482 323 Matth.
1499 277 1543 333 3,

73 344 118 386 7.
142 343 251 386 Act.
274 343 343 395 17,
364 342 436 386 31.
469 344 493 384 1
516 341 681 386 Thess.
711 343 750 390 1,
777 341 887 396 10.).
944 338 1119 395 Quibus
1145 337 1336 380 liberato
1364 341 1543 379 aeterna

72 399 263 441 beatitas
295 397 564 443 conceditur.
630 397 747 441 Nam
774 396 827 439 de
855 396 1120 455 scriptorum
1151 410 1187 438 s.
1216 393 1437 437 sententia
1466 397 1544 436 aut

71 455 239 523 probus
270 456 334 498 sis
363 460 408 498 et
433 459 638 498 aeternae
666 454 893 496 beatitatis
919 468 1095 510 compos
1125 466 1304 494 necesse
1332 455 1424 503 est,
1465 454 1543 492 aut

73 527 132 555 1m
167 512 302 554 robus
342 516 385 554 et
422 525 642 566 geennae,
690 524 817 565 quem
842 523 967 553 nemo
1003 509 1107 553 inde
1135 508 1348 561 redimat,
1399 507 1543 550 incola

71 527 254 625 (Mgtth.
272 566 343 619 25,
374 567 447 610 34.
485 566 625 609 Marc.
644 567 694 617 9,
723 565 797 609 43.
833 565 1029 618 Rom.2‚
1060 567 1103 609 ’1.
1126 567 1233 621 sq.).
1292 563 1421 607 Unde
1447 565 1542 621 Ap.

69 625 152 669 boc
171 637 237 667 vs,
256 622 314 664 ad
331 637 372 665 v.
388 622 430 665 5.
449 635 491 665 v.
512 617 537 678 ἡ
561 622 610 664 δὲ
629 619 758 671 ἐλπὶς
781 618 832 663 οὗ
851 619 1128 674 καταισχύνει
1149 621 1312 665 reverti
1332 621 1376 662 in
1395 634 1544 678 prom-

68 685 148 740 ptu
167 683 238 722 est
261 681 325 735 (v.
348 679 523 735 supra).
578 677 640 721 V.
662 678 730 721 10.
769 677 972 719 Munitur
998 679 1218 721 sententia
1247 692 1288 723 V.
1307 679 1351 722 9.
1380 691 1543 735 propo-

69 737 181 789 sita,
210 736 272 778 ita
294 734 496 792 quidem,
525 739 575 777 ut
593 735 828 793 praecipua
848 734 916 776 vis
938 748 979 778 v.
999 735 1042 776 9.
1063 735 1108 776 in
1139 749 1181 778 v.
1208 732 1272 778 δι’
1302 731 1439 777 αὐτοῦ
1469 748 1543 776 re-

67 795 283 852 ponatur:
312 796 586 849 „postquam
608 806 722 833 nunc
741 790 903 835 Christi
918 805 1019 833 nece
1036 790 1082 832 in
1101 790 1322 847 integrum
1342 790 1544 834 restituti

68 864 247 903 sumus,
277 851 415 891 multo
442 848 582 904 magis
614 863 638 891 a
657 847 748 891 Dei
773 847 870 901 ira,
939 861 1022 889 uae
1049 852 1254 891 aeternas
1284 862 1450 905 poenas
1475 847 1544 889 in-

67 906 211 962 fligit,
245 920 340 961 per
377 905 651 949 Christum
686 862 1155 949 vindicatiffieahim11r
1183 907 1248 961 (v.
1274 907 1355 960 9.).
1424 905 1545 948 Nam

69 964 132 1017 si,
170 977 303 1020 quum
339 977 536 1005 essemus
566 961 667 1005 Deo
708 962 866 1017 invisi,
912 961 955 1004 ei
981 961 1260 1004 reconciliati
1286 976 1438 1004 sumus
1465 975 1546 1017 per

69 1025 250 1064 mortem
263 1019 348 1074 filii
367 1019 487 1075 ejus,
516 1020 655 1062 multo
682 1019 823 1074 magis
845 1023 1079 1077 postquam
1101 1018 1377 1061 reconciliati
1395 1029 1546 1061 sumus

67 1081 293 1119 aeternam
309 1076 566 1119 beatitatem
587 1090 906 1132 consequemur
932 1089 1011 1130 per
1036 1074 1133 1132 ejus
1160 1076 1296 1118 vitam
1323 1078 1386 1132 (v,
1408 1073 1547 1130 10.).”

68 1132 160 1176 Hic
180 1134 261 1175 duo
285 1147 366 1191 pro
386 1133 522 1176 certis
538 1137 583 1175 et
601 1147 714 1190 quae
735 1133 847 1175 male
869 1131 1104 1176 addubites
1123 1137 1372 1190 ponuntur:
1400 1145 1546 1184 unum,

72 1189 303 1233 difficilius
328 1204 426 1233 esse
445 1191 623 1248 placare
641 1191 826 1243 iratum,
857 1204 986 1246 quam
1017 1191 1239 1247 placatum
1265 1203 1463 1242 movere,
1494 1191 1548 1230 ut

69 1246 113 1290 ei
136 1246 403 1305 prospiciat,
432 1248 478 1289 in
500 1262 627 1304 quem
649 1247 848 1305 placatus
868 1247 1029 1297 fuerit;
1058 1246 1259 1300 aiterum,
1288 1247 1391 1305 plus
1411 1259 1548 1304 posse

68 1303 286 1348 viventem
305 1318 434 1360 quam
456 1304 733 1348 morientem.
788 1302 861 1346 Ita
882 1301 937 1349 Ρ.
960 1302 1186 1347 Christum
1213 1304 1421 1346 viventem
1451 1316 1546 1345 rem

67 1362 213 1404 minus
234 1359 415 1402 arduam
430 1393 442 1414 ,
475 1365 525 1403 ut
545 1361 673 1404 Deus
690 1361 737 1403 in
764 1360 955 1416 gratiam
983 1364 1186 1418 receptos
1211 1365 1416 1402 aeternae
1443 1359 1547 1401 feli-

68 1417 220 1460 citatis
247 1422 470 1475 compotes
487 1417 669 1469 reddat,
698 1418 852 1473 utique
880 1416 1135 1459 effecturum
1166 1430 1265 1458 esse
1293 1431 1349 1458 ex
1376 1430 1429 1458 eo
1455 1416 1547 1457 col-

11 1527 14 1529 ,
67 1473 193 1530 ugit,
223 1473 341 1530 quod
357 1488 450 1516 rem
468 1475 607 1516 multo
628 1473 919 1516 difficiliorem
935 1506 947 1526 ‚
977 1478 1029 1516 ut
1048 1473 1274 1515 nobiscum
1293 1472 1338 1515 111
1357 1473 1546 1528 gratiam

69 1529 197 1574 Deus
218 1529 410 1583 rediret,
439 1531 625 1573 moriens
643 1530 964 1586 impetraverit.
1023 1528 1090 1571 Ut
1110 1530 1206 1586 Ap.
1225 1533 1400 1571 acutum
1432 1528 1547 1572 anti-

69 1587 222 1630 theton
241 1586 330 1630 11.1.
353 1589 631 1629 consectatus
651 1585 713 1627 sit
733 1585 975 1640 (v.4‚f25.)‚
994 1590 1114 1627 recte
1133 1591 1278 1627 tamen
1300 1586 1549 1642 quaeritur,

70 1647 152 1702 qui
170 1644 376 1687 viventem
393 1642 618 1687 Christum
635 1656 722 1684 non
743 1642 805 1684 ita
827 1656 984 1696 magno
1004 1642 1181 1697 negotio
1202 1646 1427 1684 aeternam
1444 1642 1550 1684 hea-

69 1703 244 1744 titatem
263 1699 512 1743 hominibus
530 1699 630 1741 Deo
650 1699 949 1741 reconciliatis
977 1704 1233 1741 curaturum
1262 1713 1361 1742 esse
1392 1698 1547 1741 existi-

71 1756 260 1801 maverit
297 1758 360 1813 (v.
394 1756 600 1816 Rueck),
638 1756 729 1798 nisi
754 1756 870 1798 forte
898 1769 940 1801 v.
972 1754 1017 1799 ἐν
1045 1756 1100 1815 τῇ
1128 1754 1217 1813 ζωῇ
1247 1753 1384 1799 αὐτοῦ
1413 1770 1549 1798 5011511

70 1812 280 1868 destitui,
317 1812 435 1870 quod
458 1812 663 1855 nimirum
692 1811 748 1858 P.
776 1813 908 1855 inane
935 1812 1058 1855 nulla
1091 1812 1291 1872 subjecta
1326 1813 1551 1855 sententia.

71 1869 319 1915 antitheton
359 1874 602 1928 aucupatus
643 1869 729 1924 sit,
775 1874 934 1927 putare
980 1869 1141 1927 placet.
1212 1868 1332 1911 Male
1371 1870 1520 1924 Pelay.
1536 1883 1550 1912 :

72 1952 172 1983 „—
189 1931 354 1983 quanto
373 1928 517 1982 magis
536 1927 582 1968 in
601 1924 698 1984 ejus
719 1925 1067 1980 glorificabimur
1084 1923 1198 1978 vita,
1230 1925 1270 1967 si
1283 1939 1380 1967 eam
1408 1923 1547 1981 fueri-

73 1997 170 2027 mus
185 1983 391 2026 imitati?
419 1989 513 2025 tum
543 1982 660 2039 quod
690 1981 857 2025 Christi
881 1981 1018 2024 vitam
1046 1996 1133 2024 non
1163 1995 1258 2024 eam
1279 1981 1388 2036 dici,
1418 1984 1549 2037 quam

73 2041 194 2084 inter
230 2038 430 2081 homines
465 2042 567 2080 ante
601 2044 784 2081 mortem
821 2039 987 2094 egerit,
1035 2038 1116 2081 sed
1151 2037 1239 2095 qua
1276 2052 1390 2080 nunc
1428 2036 1550 2095 apud

73 2098 220 2141 Deum
240 2095 415 2137 fruatur
434 2099 643 2153 apparet,
669 2099 762 2137 tum
781 2094 897 2151 quod
914 2097 1053 2149 ipsam
1075 2095 1234 2138 Christi
1249 2095 1383 2138 vitam
1404 2100 1552 2137 aeter-

75 2167 174 2196 nam
194 2151 453 2194 felicitatem
473 2151 601 2194 nohis
621 2156 876 2222 paraturam
896 2165 996 2194 esse
1026 2151 1072 2194 11.
1093 2167 1132 2196 0.
1154 2151 1381 2195 Christum
1409 2151 1553 2194 vivete·-

77 2215 165 2252 tem
184 2211 265 2250 sud
288 2209 427 2264 ipsum
446 2212 577 2265 operti
598 2223 677 2265 την
697 2207 1060 2266 σωτηρίαναΠεο
1080 2209 1401 2263 impetrandam
1418 2207 1549 2250 nobis

77 2267 124 2308 in
144 2264 333 2321 gratiam
359 2280 455 2308 cum
479 2264 579 2308 Deo
606 2263 803 2307 reductis
833 2265 1136 2321 quaesiturum
1164 2279 1261 2307 esse
1280 2263 1335 2309 P.
1357 2264 1402 2308 h.
1421 2264 1454 2306 1.
1483 2265 1550 2306 af-

77 2324 254 2366 firmare
283 2336 338 2364 ex
370 2323 575 2381 opposito
605 2321 799 2364 membro
828 2322 1123 2378 cognoscitur.
1191 2320 1308 2363 Nam
1341 2320 1549 2364 Christus

77 2379 178 2423 Deo
217 2379 439 2434 gratiosos
479 2393 559 2421 nos
596 2377 794 2421 reddidit
829 2383 1010 2422 mortem
1044 2378 1250 2421 adeundo.
1312 2375 1549 2422 Posterius

79 2439 385 2492 argumentum
404 2436 462 2478 iis
482 2450 656 2493 quoque
676 2435 925 2489 obvertam,
954 2435 1032 2492 qui
1051 2434 1297 2492 explicant:
1326 2458 1380 2466 ——-
1408 2435 1549 2476 multo

78 2493 220 2549 magis
235 2491 335 2534 Deo
352 2493 655 2535 reconciliatis
674 2496 855 2535 aeterna
873 2492 1062 2535 beatitas
1084 2492 1283 2546 obtinget
1299 2504 1379 2546 per
1392 2490 1551 2534 Christi

33 2590 37 2595 .
79 2550 212 2594 vitam
240 2563 302 2593 sc.
332 2563 464 2605 quum
499 2549 705 2593 Christus
735 2548 854 2608 apud
875 2548 1023 2591 Deum
1053 2548 1186 2591 vitam
1226 2546 1389 2603 degens
1427 2547 1548 2590 vires

79 2606 210 2650 nobis
241 2605 565 2672 suppeditabit,
606 2606 793 2663 quibus,
831 2619 886 2648 ne
924 2604 1098 2661 indigni
1128 2603 1352 2648 videamur
1385 2604 1548 2662 sempi-

24 2668 30 2676 “
79 2663 207 2706 terna
228 2663 457 2716 felicltate,
483 2663 573 2705 Dei
590 2668 826 2720 praecepta
845 2661 1027 2704 reveriti
1049 2659 1251 2704 dedecori
1267 2659 1551 2714 obsistamus,

81 2720 274 2763 officium
301 2720 494 2762 colamus
520 2721 568 2776 (l
589 2719 708 2764 Tim.
730 2721 781 2772 1,
811 2718 920 2773 12.).
976 2716 1079 2761 Huc
1110 2718 1205 2762 Chr.
1230 2718 1305 2762 Fr.
1327 2717 1551 2770 SemeH,

84 2776 208 2833 Jasp.
225 2777 286 2820 al.
317 2777 534 2820 sententia
553 2776 684 2819 redit.
744 2774 841 2817 Imo
858 2775 939 2817 hoc
959 2774 1067 2817 dicit
1083 2775 1203 2833 Ap.:
1220 2801 1276 2809 —
1295 2775 1434 2818 multo
1455 2787 1548 2815 ma-

83 2833 152 2888 gis
172 2833 300 2895 parta
325 2832 416 2879 Dei
445 2833 590 2891 gratia
617 2831 846 2877 beabimur
867 2846 949 2889 per
974 2830 1295 2934 Glarr'gtizm'tam
1322 2846 1385 2877 sc.
1415 2843 1547 2887 quum
