1752 3347
173 134 260 179 330
452 128 836 175 EPISTOLA
865 130 971 173 AD
1002 128 1365 180 ROMANOS

174 239 273 296 ipsa
300 251 345 282 v.
371 235 448 280 κάἱ
476 234 555 290 οὐχ
580 261 637 271 —-
665 235 718 280 τὸ
747 232 935 292 δώρημα
962 239 1217 295 postulant,
1255 238 1294 281 si
1321 253 1373 281 ea
1400 253 1497 284 cum
1525 258 1642 288 voce.

175 310 217 338 v.
248 294 318 337 15.
349 290 441 336 ἀλλ’
471 294 549 346 οὐχ
578 319 637 327 -
663 292 714 336 τὸ
739 290 938 350 χάρισμα
966 300 1169 338 accurate
1210 297 1470 340 contuleris.
1542 299 1643 354 Quo

173 351 316 407 magis
334 351 458 393 illam
475 354 545 392 tot
563 351 832 408 interpretes
850 351 1069 394 fefellisse
1090 353 1245 398 miror.
1292 351 1490 408 Quorum
1504 355 1647 408 Grec,

175 408 279 451 Glzr.
301 406 376 451 Fr.
393 407 582 451 Schmid.
601 409 661 452 al.
680 406 736 449 ad
753 422 794 450 v.
816 408 891 449 καὶ
921 405 1000 461 οὐχ
1028 407 1087 459 ὡς
1104 409 1168 451 δι’
1193 406 1290 459 ἑνὸς
1312 406 1647 467 ἁμαρτήσαντος

171 469 318 507 mente
351 463 609 524 adjecerunt
638 461 662 507 ὅ
691 464 890 514 θάνατος
924 479 949 507 e
978 480 1017 507 v.
1045 461 1276 508 ἀπέθανον
1300 481 1342 511 v.
1374 467 1445 511 15.
1484 470 1645 524 (neque

236 519 534 564 emadmodum
553 535 634 580 per
651 535 784 563 unum
806 521 880 577 qui
898 522 1096 579 peccavit
1114 537 1227 566 mors
1243 528 1350 566 nata
1378 529 1467 577 est,
1497 524 1559 565 ita
1596 539 1646 566 se

206 593 336 621 onum
354 578 525 633 habet).
584 577 804 622 Similiter
822 578 1022 634 Erasm„
1050 580 1271 632 Balduin„
1301 580 1443 636 Kopp.
1462 581 1521 623 al.
1542 586 1646 638 post

170 631 510 691 ἁμαρτήσαντος
528 636 847 693 suppleverunt
865 631 888 674 ὅ
906 634 1103 685 θάνατος
1130 633 1327 692 εἰςῆλθε.
1385 637 1570 681 Rectius
1603 653 1643 680 v.

157 689 219 735 ‘ai
237 691 402 734 πολλοὶ
426 689 657 734 ἀπέθανον
685 707 709 735 e
736 706 804 735 vs.
829 692 898 736 15.
925 691 1160 748 cogitando
1203 693 1506 750 repetiissent.
1575 694 1644 737 At

172 748 264 792 inl.
281 762 367 790 non
388 743 413 789 ὃ
429 744 639 802 θάνατος,
656 750 738 791 τοῦ
759 748 1126 805 παραπτώματος
1145 748 1340 803 effectus,
1361 766 1455 793 cum
1476 752 1537 793 τῶ
1549 751 1645 792 dm·-

170 801 361 863 ρήματι,
402 804 482 903 τῇς
510 802 792 861 δικαιοσύνης
815 810 860 848 et
890 803 1076 849 αἰωνίου
1109 805 1221 861 ζωῆς
1246 809 1403 860 causa,
1448 794 1644 849 conferri

169 865 344 920 potest,
372 876 420 904 se
469 859 522 904 τὸ
539 858 848 918 παράπτωμα,
877 862 966 907 div.
986 862 1303 918 indignationis
1333 863 1643 921 hominumque

168 919 329 961 mortis
358 918 481 971 fons,
510 932 608 960 cum
637 919 700 974 τῷ
726 916 978 975 δωρήματι,
1019 919 1108 962 div.
1133 918 1465 962 benevolentiae
1491 921 1642 962 huma-

167 990 340 1033 naeque
366 974 599 1018 felicitatis
630 976 763 1017 causa
791 976 996 1018 contendi
1013 975 1142 1017 debet
1163 978 1226 1031 (v.
1250 979 1424 1034 supra).
1470 977 1643 1027 ,Eodem

165 1036 436 1089 argumento·
453 1046 605 1075 eorum
632 1032 746 1074 ratio
775 1033 1023 1086 refellitur,
1068 1032 1145 1089 qui
1205 1038 1276 1074 ost
1307 1030 1644 1089 αμαρτήσαντος

168 1105 195 1133 e
215 1105 257 1135 v.
279 1104 404 1147 sqq„
428 1088 544 1132 unde
565 1103 619 1130 ne
635 1089 798 1132 licebat
819 1088 994 1146 quidem
1020 1047 1202 1145 aliquis
1218 1095 1394 1145 petere,
1423 1090 1474 1132 τὸ
1500 1088 1643 1132 κατά-

167 1162 306 1203 κριμα
335 1145 568 1200 cogitando
597 1145 862 1188 addiderunt
891 1146 1170 1201 (Theophyl.,
1197 1146 1346 1190 Reich.
1365 1148 1465 1201 al.).
1524 1146 1643 1189 Tum

166 1204 337 1261 Beny„
366 1203 549 1257 Morus,
584 1203 804 1257 Tholucc„
829 1203 1003 1247 Koelln.
1031 1203 1090 1247 al.
1119 1208 1221 1260 post
1247 1200 1583 1260 ἁμαρτήσαντος
1616 1219 1642 1246 e

166 1275 288 1306 vocc.
317 1276 419 1332 sq’q.
446 1260 700 1303 asciverunt
726 1258 777 1302 τὸ
805 1258 959 1316 κρίμα.
1021 1258 1279 1318 Perperam.
1345 1260 1492 1316 Quum
1522 1261 1642 1303 enim

167 1332 213 1363 v.
233 1319 308 1361 καὶ
328 1334 406 1371 ουχ
427 1317 486 1368 ὡς
505 1315 558 1360 δι’
581 1314 678 1367 ἑνὸς
697 1312 1032 1374 ἁμαρτήσαντος
1051 1316 1106 1359 ad
1126 1318 1333 1375 superius
1347 1317 1461 1360 dicta
1475 1320 1536 1373 (ι’.
1551 1319 1645 1372 15.)

167 1378 397 1433 spectent,
426 1378 475 1416 ut
503 1388 557 1416 ex
587 1374 682 1426 his,
712 1387 797 1421 non
824 1388 848 1416 e
868 1388 910 1416 v·
931 1388 1042 1430 quae
1062 1382 1334 1431 sequuntur,
1363 1375 1644 1432 supplemen-

165 1438 261 1474 tum
280 1436 464 1474 eruatur
481 1434 602 1472 recte
632 1430 854 1486 cogitandi
880 1431 1179 1489 loquendique
1207 1433 1389 1487 regulae
1419 1432 1640 1486 flagitant.

166 1488 302 1545 Quod
320 1492 465 1532 autem
483 1488 554 1531 illi
570 1502 722 1530 verum
743 1503 792 1530 se
822 1493 973 1530 tenere
1005 1504 1059 1530 ex
1091 1504 1142 1531 eo
1173 1503 1390 1547 apparere
1416 1489 1642 1540 dixerunt,

165 1545 287 1603 quod
306 1545 353 1588 in
371 1560 414 1590 v.
432 1559 532 1601 sqq.
552 1543 604 1585 τὸ
622 1543 759 1599 κρίμα
777 1547 839 1598 τῷ
856 1544 1101 1597 χαρίσματι
1119 1545 1146 1589 i.
1165 1559 1204 1588 e.
1223 1547 1286 1600 τῷ
1307 1545 1537 1601 δωρήματι
1559 1555 1640 1603 'op-

165 1607 384 1661 ponatur,
413 1616 499 1648 non
527 1604 867 1657 reputaverunt,
895 1599 1084 1643 Paulum
1110 1602 1341 1643 veritatem
1369 1603 1640 1645 sententiae:

163 1657 228 1703 τὸ
267 1654 627 1715 παράπτωμα
670 1657 734 1698 δι’
773 1653 870 1706 ἑνός
907 1654 1241 1714 ἁμαρτήσαντος
1281 1660 1535 1712 exstitisse,
1581 1674 1638 1701 ex

163 1720 289 1762 tota
318 1714 537 1758 sententio
557 1713 752 1769 intelligi
778 1714 916 1765 velle,
945 1716 1055 1771 quod
1078 1712 1137 1756 τὸ
1170 1712 1342 1771 κρίμα
1373 1717 1497 1758 inticis
1517 1717 1639 1758 Ada-

167 1774 232 1818 mz‘
259 1773 386 1828 culpa
415 1772 461 1813 in
488 1766 806 1826 κατάκριμα
834 1771 1027 1815 abiisset.
1087 1769 1227 1829 Pejus
1254 1772 1384 1814 etiam
1406 1772 1531 1815 Beza
1561 1773 1639 1828 [cs.

165 1832 324 1875 Ileum.
345 1832 390 1870 et
406 1827 612 1882 Bcnech]
644 1830 807 1868 temere
837 1833 1088 1869 antestatus
1116 1829 1259 1870 locum
1279 1828 1517 1882 Joh.5,36.
1537 1836 1639 1887 pust

146 1887 228 1938 Δὡς
254 1885 507 1943 suppletum
538 1883 682 1925 voluit
699 1883 956 1925 Articulum
982 1883 1058 1926 τότ
1094 1899 1234 1940 neque
1263 1890 1313 1926 ut
1339 1886 1481 1927 illud
1508 1887 1640 1941 quod

166 1942 395 1986 introiit
421 1954 501 1995 per
530 1955 661 1982 unum
689 1941 761 1996 (μα’
784 1940 978 1994 peccarit
1017 1940 1084 1996 (b.
1112 1956 1152 1985 e.
1180 1955 1254 1983 res
1282 1956 1360 1998 per
1397 1956 1529 1984 unum
1561 1943 1638 2000 qui

164 1999 366 2059 peccavit
385 1997 582 2052 effecta),
611 1996 766 2038 itaest
816 1995 901 2038 uod
923 1995 1112 2039 donatur
1137 2000 1201 2054 (v.
1219 1997 1455 2043 Demosth.
1479 1999 1561 2043 Or.
1583 1999 1638 2041 de

165 2056 494 2100 contributione
514 2069 560 2112 p.
582 2055 681 2106 171,
701 2055 773 2097 27.
816 2053 935 2097 {eisin
954 2052 1009 2095 τὰ
1029 2053 1076 2095 ἐκ
1097 2053 1266 2097 τούτων
1282 2055 1433 2098 horum
1452 2055 1639 2112 fructus,

165 2115 244 2157 ubi
265 2115 322 2158 cf.
343 2112 558 2169 Sclmcfi).
614 2110 721 2153 Dici
740 2114 885 2152 autem
903 2110 954 2151 τὸ
986 2107 1046 2153 δι’
1071 2107 1167 2161 ἑνὸς
1194 2108 1528 2169 ἁμαρτήσαντος
1557 2114 1639 2155 mi-

164 2171 404 2215 serabilem
436 2168 661 2211 hominum
689 2166 982 2210 conditionem
1013 2169 1207 2225 putavit,
1239 2184 1350 2225 quos
1379 2170 1496 2213 omni
1525 2170 1639 2212 inte·

165 2230 333 2285 gritate
361 2227 579 2285 spoliatos
610 2225 839 2267 horribilis
874 2226 1043 2283 peccati
1071 2225 1314 2281 ignominia
1343 2228 1640 2284 cooperuerit.

164 2286 340 2344 ‘Nempe
356 2285 489 2328 istum
511 2283 767 2326 Articulum
787 2283 881 2339 Ap.
901 2297 1092 2325 (παναγεῖ
1110 2281 1353 2328 debuisset.
1410 2283 1639 2342 Interpre-

168 2343 354 2386 tationis
394 2344 673 2400 portentum,
721 2338 838 2395 quod
866 2340 1007 2382 Storr.
1037 2338 1204 2396 Opusc.
1233 2339 1356 2384 acad.
1388 2339 1429 2386 Ι.
1468 2357 1512 2399 p.
1537 2341 1638 2386 145.

166 2400 329 2443 edidit:
359 2413 500 2454 neque
519 2412 591 2439 res
613 2397 674 2439 ita
694 2397 846 2448 habet,
875 2400 1085 2453 tanquam
1106 2398 1144 2438 si
1163 2412 1247 2439 uno
1273 2401 1442 2440 tantum
1461 2404 1638 2453 peccatu

165 2453 508 2513 (ἁμαρτήματος
524 2453 712 2496 rescribi
734 2453 931 2506 volebat)
960 2468 1045 2495 non
1065 2453 1268 2497 obstante
1298 2458 1343 2510 (b
1357 2458 1396 2499 ei
1423 2457 1527 2500 tinet
1545 2458 1634 2501 einis

164 2528 238 2568 gen
252 2513 412 2567 Θίιηῠε,
425 2528 466 2557 v.
477 2516 568 2556 not.
581 2510 634 2553 ad
644 2512 686 2564 2,
696 2511 767 2554 27.
781 2526 825 2568 p.
839 2510 958 2562 138.)
969 2509 1129 2552 donum
1146 2511 1345 2567 obtingat
1356 2516 1370 2568 (
1380 2512 1568 2556 Hamas:
1578 2534 1633 2549 -ψ-

166 2576 375 2626 tanquam
406 2584 486 2627 per
505 2584 636 2611 unum
659 2569 735 2625 qui
756 2568 1001 2625 peccaverit
1020 2567 1178 2609 domun
1199 2568 1348 2610 (latum
1368 2569 1450 2621 sit)
1478 2570 1546 2611 vix
1566 2567 1632 2610 di-

167 2641 299 2685 gnum
326 2632 394 2668 est
430 2632 688 2669 memoratu.
767 2624 974 2681 Denique
1000 2624 1200 2667 Boehmii
1228 2626 1474 2682 expositio:
1518 2638 1629 2676 „ne-

168 2698 254 2742 que
273 2697 375 2726 vero
396 2688 599 2738 tanquam
621 2679 674 2738 (ζ)
694 2682 861 2724 frustra
883 2681 936 2722 ad
961 2683 983 2722 l
997 2681 1153 2734 Con-A,
1167 2684 1233 2726 18.
1257 2682 1529 2740 provocavit)
1553 2695 1630 2737 per

164 2755 300 2784 unum
331 2746 603 2805 peccatorem
640 2739 800 2781 donum
831 2754 879 2781 sc
909 2739 1063 2781 habet:
1112 2740 1143 2782 i.
1173 2755 1212 2782 c.
1243 2754 1360 2781 mors
1388 2737 1547 2781 Adami
1586 2743 1626 2778 ct

166 2797 422 2843 beneficium
443 2795 636 2842 Messiae
655 2811 743 2841 uon
761 2796 925 2842 hahent
948 2811 1004 2840 ex
1034 2796 1201 2841 unitate
1226 2796 1447 2855 peccantis
1473 2793 1631 2836 sinuli-

1745 839 1752 996 εἶ

1741 1024 1752 1114 4,

1744 1124 1752 1249 1'

1743 1253 1752 1404 ἕ

1739 1592 1752 1773 ε’
