1752 3347
473 117 633 167 CAP.
664 120 726 166 V.
775 119 869 167 Vs.
895 119 987 167 2⁰..
1412 117 1500 161 349

29 228 163 273 vitam
202 228 537 280 restitueretur,
576 228 675 281 lege
715 242 794 285 per
819 227 973 271 Mosen
1005 226 1281 286 promulgata}
1322 228 1501 283 peccata

28 284 365 343 multiplicanda
383 289 532 337 erant,
565 299 748 340 quorum
768 287 1079 340 permultorum
1103 284 1227 327 venia
1256 283 1500 325 mterimam

28 342 119 387 div.
159 342 418 384 clementiae
454 342 706 395 largitatem
753 342 1071 385 manifestaret.
1158 339 1289 396 Quod
1330 338 1502 381 Paulus

28 399 176 442 Deum
206 399 250 440 in
277 397 456 440 serenda
483 398 585 451 lege
615 412 725 441 mos.
756 399 836 440 hoe
865 399 1051 440 maxime
1083 402 1309 454 spectasse
1329 401 1378 438 ut
1398 409 1501 453 pec-
1519 419 1593 461 β

25 461 225 497 catorum
257 453 393 494 moles
420 459 659 507 augeretur
689 455 733 497 h.
754 455 786 497 l.
819 456 1051 513 scripserit
1077 456 1116 495 si
1147 469 1274 510 quem
1296 451 1504 505 offendat,

26 512 69 553 is
100 509 371 567 Apostolum
397 509 550 564 pulcre
582 509 668 549 sibi
695 513 1040 553 consentientem
1067 511 1147 551 hoc
1177 510 1401 550 affirmare
1432 523 1504 550 re-

27 571 169 626 putet.
227 564 344 607 Nam
375 564 450 620 qui
480 578 565 606 non
594 565 727 606 aliam
756 567 842 622 qua
869 568 1066 610 homines
1087 565 1141 607 ad
1161 566 1348 607 salutem
1370 564 1505 606 redu-

25 627 232 666 cerentur
271 619 530 663 medicinam
567 620 758 664 inveniri
796 625 1066 674 censuisset,
1113 622 1201 664 nisi
1242 636 1371 678 quam
1410 620 1502 665 div.

26 678 259 723 clementia
288 683 564 736 peccatorum
593 678 722 721 venia
759 681 965 722 concessa
1001 678 1201 721 dedisset
1228 678 1313 720 fide
1341 692 1504 736 paran-

28 736 152 787 dam,
181 750 278 778 eum
306 734 451 776 onmia
476 733 623 776 Deum
648 735 831 777 consilia
858 751 910 779 eo
937 736 1215 794 potissimum
1243 736 1505 787 contulisse,

27 797 79 837 ut
108 794 187 838 illa
218 790 433 834 medicina
460 790 661 833 adhiberi
692 797 872 849 posset,
920 793 1199 835 existimasse
1227 807 1369 834 nonne
1399 806 1504 834 con·

27 856 285 893 sentaneum
305 843 408 891 est?
464 846 596 890 Nune
613 847 863 903 videamus,
893 849 1055 907 quihus
1083 850 1254 892 artibus
1282 850 1505 907 interpre-

28 913 98 951 tes
118 906 358 965 paullinam
377 906 638 948 sententiam
659 906 865 961 mitigare
895 907 1040 949 conati
1065 907 1171 950 sint.
1227 906 1396 961 Chrys„
1417 904 1506 963 'qui

29 979 185 1022 parum
209 968 355 1005 tamen
384 961 470 1003 sibi
502 967 697 1015 constat,
732 963 1007 1018 Theodoret„
1041 963 1295 1018 Theoplnst„
1343 963 1505 1018 Pekty„

33 1022 161 1065 Corn.
183 1036 209 1063 α
229 1019 421 1074 Lupiae,
453 1019 612 1074 Zeyer,
641 1019 808 1076 Kopp„
835 1020 989 1064 Reich.
1009 1024 1054 1063 et
1071 1020 1200 1062 multi
1219 1020 1298 1062 alii
1325 1017 1397 1061 ἵνα
1424 1018 1506 1062 ἐκ-

30 1077 222 1130 βατικῶς
240 1076 437 1134 positum
457 1090 555 1118 esse
585 1081 810 1133 putarunt.
867 1076 958 1120 Sed
986 1092 1128 1134 neque
1158 1092 1265 1119 usus
1292 1074 1507 1133 loquendi

26 1135 143 1177 hanc
167 1133 490 1175 enarrationem
523 1131 743 1187 admittit,
772 1133 1127 1191 quandoquidem
1155 1133 1399 1176 sententia:
1428 1131 1508 1174 ad-

23 1191 145 1253 jecta
168 1194 237 1232 est
257 1190 331 1231 lex
353 1203 464 1233 moS.
487 1189 566 1231 hoc
585 1197 766 1241 eventu,
796 1195 846 1232 ut
904 1196 1048 1234 eccata
1079 1190 1508 1248 multiplicarentur:
1563 1222 1566 1225 Δ

29 1262 190 1304 graece
209 1247 274 1289 sie
292 1246 558 1288 enuntianda
580 1250 671 1290 est:
700 1244 838 1300 νόμου
885 1250 906 1291 ὲ
936 1245 1313 1304 παρειςελθόντος
1341 1243 1507 1290 ἐπλεό-

31 1318 138 1347 νασε
153 1302 205 1345 τὸ
227 1299 538 1358 παράπτωμα,
571 1304 719 1345 verbis
750 1318 773 1346 a
793 1301 847 1348 P.
875 1305 1035 1347 locatis
1062 1304 1234 1362 concipi
1260 1305 1391 1361 plane
1418 1317 1509 1345 non

30 1364 204 1419 potest,
234 1373 377 1416 neque
400 1361 718 1402 sententiarum
740 1375 881 1405 nexus
905 1362 1066 1419 recipit
1092 1365 1155 1417 (ν.
1173 1362 1352 1418 supra)..
1403 1359 1509 1403 Alii

31 1432 165 1475 quum
185 1415 256 1459 ἵνα
275 1419 392 1458 recte
416 1417 699 1515 interpretati
720 1422 885 1470 essent,
914 1419 1002 1460 alia
1059 1423 1280 1461 eccarunt.
1336 1416 1508 1469 Chrys,

31 1474 262 1528 Auyustin.
282 1473 443 1516 Enarr.
464 1474 508 1514 in
571 1488 608 1517 3.
630 1474 728 1517 102.
749 1489 794 1518 n.
818 1475 886 1518 15.
907 1475 967 1518 Τ.
987 1433 1077 1519 lii.
1107 1490 1151 1532 p.
1176 1473 1305 1518 1124.
1325 1472 1395 1516 ed.
1415 1473 1508 1515 Be-

30 1532 152 1583 ned.‚
190 1529 332 1582 Cala,
370 1529 596 1580 lelnec„
627 1529 787 1573 Rueck.
822 1531 883 1573 al.
922 1532 1249 1587 explicuerunt:
1287 1526 1422 1584 νόμος
1456 1529 1507 1572 δὲ

31 1586 336 1642 παρειςῆλῧεν
363 1589 414 1627 ut
441 1585 689 1627 abundaret
714 1592 939 1643 peccatum
968 1588 1000 1631 i.
1021 1603 1060 1632 e.
1091 1601 1177 1644 quo
1195 1586 1336 1641 magis
1356 1585 1510 1644 pravi·-

30 1644 141 1685 tatis
161 1656 267 1684 suae
282 1641 627 1697 magnitudinem
644 1643 844 1685 homines
863 1648 1171 1699 agnoscerent.
1228 1643 1351 1685 Haec
1377 1642 1510 1684 nimi-

31 1714 130 1742 rum
152 1699 370 1741 sententia
390 1699 453 1741 sic
474 1698 758 1758 exprimenda
779 1704 899 1744 erat:
927 1703 984 1733 ’-
1011 1700 1083 1743 tva
1112 1696 1135 1757 ἡ
1164 1698 1403 1755 ἐπίγνωσις
1429 1701 1510 1755 τῆς

31 1752 316 1810 ἀκαθαρσίας
334 1754 586 1815 πλεονάσῃ,
617 1755 748 1799 Pauli
768 1757 916 1800 verbis
937 1772 1023 1801 non
1044 1758 1176 1801 inest.
1231 1755 1310 1799 Ad
1330 1756 1411 1798 hoc
1433 1769 1509 1798 res

25 1849 30 1855 .
65 1813 305 1863 ostularet,
339 1817 390 1855 ut
415 1827 458 1856 v.
483 1808 916 1871 ὑπερεπερίσσευσεν
945 1811 971 1871 ἡ
995 1812 1127 1871 χάρις
1155 1817 1199 1855 et
1219 1814 1317 1870 ipsa
1339 1812 1395 1854 ad
1415 1812 1507 1856 div.

29 1828 322 1923 genis-‚mitaris
357 1869 620 1924 aym'iz'onem
649 1874 962 1912 revocarentur
999 1874 1060 1925 (v.
1092 1869 1250 1911 Morus
1277 1874 1321 1911 et
1348 1869 1507 1911 Reich-

34 1926 208 1979 Imrd.)‚
237 1938 324 1980 quo
353 1924 542 1966 consilio
570 1927 790 1967 sententia
814 1940 854 1969 v.
874 1927 946 1970 21.
978 1925 1308 1984 pessumdatur.
1364 1925 1509 1968 Deni-

34 1997 119 2041 que
141 1979 506 2023 co‘nsiderandum
524 1986 615 2033 est,
645 1987 693 2024 ut
709 1982 957 2035 clementia,
990 1997 1101 2039 quae
1117 1983 1306 2039 plurima
1326 1987 1508 2040 peccata

33 2037 248 2083 oblivioni
286 2035 436 2090 daret,
476 2037 738 2091 exsisteret,
775 2043 876 2081 ante
904 2040 1048 2081 omnia
1076 2039 1283 2096 plurimis
1311 2039 1507 2096 peccatis

36 2110 147 2163 opus
166 2094 331 2146 fuisse,
362 2107 473 2150 quae
503 2095 729 2138 commissa
757 2097 1112 2140 condonarentur.
1170 2094 1340 2138 Iisdem
1368 2096 1510 2138 ratio-

36 2153 168 2196 nibus
188 2151 376 2192 finitima
397 2150 581 2204 Galerii,
615 2150 777 2205 lVolfi'i,
808 2153 931 2208 Jasp.
960 2153 1020 2196 al.
1049 2153 1269 2210 expositio
1298 2153 1510 2196 convelli-

33 2216 135 2252 tur:
163 2233 219 2238 —
249 2218 335 2264 quo
355 2207 495 2262 magis
513 2209 682 2262 peceati.
704 2213 887 2261 natura,
922 2209 1118 2265 yrave'tccs
1147 2214 1190 2252 et
1217 2224 1356 2265 poema
1377 2214 1506 2266 pate-

34 2270 173 2309 sceret
192 2278 332 2320 eoque
353 2264 517 2306 clarius
536 2263 785 2306 hominihus
809 2269 909 2308 ante
933 2266 1082 2308 oculos
1111 2271 1365 2324 poneretur.
1425 2265 1510 2308 Sa·

33 2323 95 2366 tis
114 2321 299 2364 obscure
322 2321 402 2363 hoc
422 2319 476 2364 P.
497 2319 709 2375 dixisset,
738 2321 779 2363 si
798 2320 869 2363 ἵνα
896 2324 1117 2378 γνωσθῇ
1144 2322 1196 2364 τὸ
1218 2320 1510 2379 παράπτωμα

36 2378 320 2436 scripsisset3
359 2376 437 2420 sed
463 2377 610 2420 verbis
637 2376 715 2424 ἵνα,
738 2375 1024 2436 π’λεονάσῃ
1051 2379 1103 2421 τὸ
1132 2376 1423 2434 παράπτωμα
1451 2393 1509 2421 ne

36 2435 191 2478 umbra
219 2433 395 2491 quidem
421 2434 547 2476 illius
576 2434 821 2477 sententiae
858 2437 1128 2479 continetur.
1193 2435 1352 2479 Heum.
1380 2450 1510 2478 enar-

36 2493 175 2537 ravit:
203 2491 345 2533 Mosis
365 2495 509 2533 autem
527 2493 601 2534 lex
624 2491 681 2533 ad
700 2492 844 2547 legem
873 2493 1120 2534 naturalem
1149 2492 1334 2550 insuper
1361 2507 1510 2535 acces-

35 2550 113 2602 sit,
137 2555 185 2590 ut
205 2551 380 2606 peccata
404 2547 569 2606 majora
592 2563 641 2590 ac
662 2550 864 2604 graviora
883 2549 1041 2591 fierent
1059 2548 1244 2606 (quippe
1263 2563 1348 2592 non
1365 2550 1509 2593 solum

34 2610 189 2649 contra
215 2605 486 2657 naturalem,
523 2605 602 2647 sed
631 2606 764 2647 etiam
796 2610 949 2647 contra
981 2606 1192 2662 scriptam
1220 2606 1363 2661 legem
1391 2621 1508 2649 com-

37 2663 214 2715 missa).
286 2661 405 2703 Male
431 2661 588 2704 fleam.
620 2676 728 2718 παρ
741 2663 948 2717 ειςῆλθεν
979 2662 1299 2720 interpretatus
1328 2667 1398 2705 est
1439 2665 1507 2718 (v.

38 2721 194 2777 supra)
214 2732 357 2774 neque
378 2717 474 2776 ejus
495 2719 700 2775 opinione
722 2719 927 2775 suscepta
948 2733 989 2762 v.
1005 2733 1130 2775 sqq.‚
1157 2720 1346 2762 maxime
1365 2720 1508 2774 v.21.‚

39 2775 85 2818 in
106 2780 232 2833 recte
257 2775 507 2820 conclusam
536 2779 613 2820 aut
634 2780 779 2834 aptam
798 2775 1061 2820 sententiam
1082 2780 1255 2826 coeunt.
1309 2775 1510 2823 Possunt

1563 1701 1634 1744 XX
