1752 3347
452 209 613 255 CAP.
643 208 685 255 I.
718 209 810 255 Vs.
841 209 923 255 25.
955 215 1009 251 ct
1037 209 1134 253 26..
1471 206 1529 250 75

58 315 296 360 sententia:
319 316 525 371 ssmiles,
563 331 690 373 quum
718 315 952 359 simulacra
978 316 1186 367 colerent,
1223 312 1384 356 rectius
1410 313 1529 355 dicas

55 389 127 418 res
155 378 326 417 creatas
353 379 599 426 υεηεναίοε,
637 388 766 431 quam
794 373 1048 416 conditorem
1076 369 1307 427 tranquilli
1335 369 1421 411 viri
1446 374 1529 422 est,

56 445 140 473 non
160 430 393 482 concitati,
423 430 502 486 qui
522 431 640 473 vocis
659 446 765 472 suae
783 429 973 487 pondere
991 432 1230 470 commotus
1252 426 1298 467 in
1314 425 1404 468 Dei
1432 427 1529 468 lau·

56 487 134 529 des
173 491 387 544 erumpat.
455 487 657 540 Fortem,
697 488 782 544 quai
812 502 922 553 opus
948 491 1040 537 est,
1077 484 1337 527 sententiam
1365 483 1532 526 Hilarii

56 544 110 587 de
145 545 288 588 trinit.
316 558 355 587 c.
390 541 485 595 12.‚
523 544 697 595 Bezue,
732 544 990 593 Justmiand,
1032 543 1188 586 ileum.
1215 542 1276 584 al.
1308 539 1528 582 enarratio

55 602 219 656 gignit:
248 613 414 654 supra
444 605 679 642 creatorem
702 601 735 643 i.
765 615 803 644 e.
833 600 1143 655 praeterito
1175 602 1382 642 creatore.
1438 596 1530 638 Ve-

57 674 152 701 rum
174 657 287 699 enim
310 669 413 697 vero
441 659 489 696 ut
518 654 642 708 παρά
671 671 766 697 cum
787 658 957 700 Aecus.
991 657 1050 697 sit
1075 660 1273 710 praeter,
1302 656 1458 708 borbel„
1489 658 1532 696 et

55 715 193 765 ultra,
225 725 359 767 supra
373 743 383 763 ,
415 712 733 767 burftberlflueuss
744 746 756 765 ,
786 727 910 754 nemo
932 717 1075 754 tamen
1095 726 1249 765 graece
1270 710 1385 753 dixit
1405 709 1534 767 εὐερ-

55 770 192 825 γετεῖν
211 783 309 810 τινα
341 768 491 824 παρά
521 783 670 818 τινα,
703 768 921 821 σέβεσθαί.
941 784 1038 809 τινα
1069 768 1217 823 παρά
1252 783 1371 810 τινα
1396 771 1441 809 et
1471 767 1534 809 si-

53 825 177 869 milia
199 822 450 881 benefacere
470 824 620 877 αΙὶσηὶ,
651 826 848 867 venerari
868 825 1053 881 (desuem
1068 825 1383 878 praeterito
1402 840 1429 867 cc
1442 823 1530 868 lio.

54 881 195 927 Immo
233 883 353 934 valet
393 878 542 937 παρὰ
582 880 658 923 τὸν
696 879 906 924 κτίσαντα
951 886 1104 923 contr
1115 895 1140 922 a
1180 886 1419 924 creatorem
1447 881 1535 937 (sic

54 939 199 994 Kopp.
220 942 264 980 et
285 932 489 990 Boelem.;
530 939 797 982 contrarium
816 937 1022 996 exprimit
1045 933 1156 978 κατά
1187 952 1280 978 cum
1310 938 1478 982 Aecus.
1506 937 1535 980 2

54 995 158 1041 Gor.
177 996 319 1051 7,9.),
350 997 397 1051 sie
426 997 579 1041 bienten
610 1000 696 1041 bem
726 996 938 1050 &escbbpfe
967 1007 1119 1050 gegen
1149 996 1239 1039 ben
1269 995 1533 1049 &chortem

53 1053 98 1099 h.
119 1067 159 1098 e.
177 1056 347 1095 tantum
368 1052 533 1105 abfuit,
563 1057 612 1095 ut
631 1067 702 1095 res
723 1053 924 1095 conditae
944 1050 1188 1094 eonditoris
1206 1049 1536 1093 admirationem

54 1110 431 1165 reverentiamque
452 1109 508 1151 iis
527 1109 761 1168 injicerent
781 1113 843 1164 (v.
863 1110 981 1167 20.),
1013 1112 1062 1150 ut
1079 1108 1200 1150 cultu
1217 1107 1350 1150 rebus
1374 1109 1535 1151 creatis

53 1167 222 1210 tributo
243 1165 451 1226 injuriam
471 1167 665 1212 facerent
683 1167 917 1211 conditori.
975 1165 1168 1223 Scripsit
1196 1164 1252 1210 Ρ.
1281 1164 1429 1220 παρὰ
1459 1163 1537 1206 τὸν

55 1223 286 1273 κτίσαντα,
318 1237 404 1265 non
425 1222 566 1264 κατὰ
595 1225 691 1266 τοῦ
713 1222 962 1272 κτίσαντος,
995 1222 1201 1279 quoniam
1232 1221 1422 1277 gentiles
1450 1236 1536 1265 non

56 1281 248 1336 cogitate
278 1284 354 1322 aut
381 1279 434 1321 de
471 1279 686 1323 industria
726 1295 876 1323 verum
904 1280 1050 1322 Deum
1089 1283 1419 1337 oppugnarent,
1459 1278 1538 1321 sed

56 1352 136 1396 per
162 1337 329 1392 ingenii
359 1336 596 1380 vanitatem
618 1338 741 1380 Deos
767 1342 910 1379 mente
937 1337 1155 1393 complexi
1186 1340 1310 1378 erant
1338 1351 1419 1393 pro
1438 1336 1538 1378 Deo

55 1395 135 1450 (cf.
160 1408 199 1437 v.
219 1394 330 1447 21.).
387 1391 436 1442 ὅς
458 1392 575 1436 ἐστιν
589 1421 645 1426 —-
660 1390 791 1451 ἀμήν]
824 1394 1005 1438 Similes
1026 1393 1288 1447 doxologias
1308 1393 1407 1436 vide
1424 1394 1539 1439 Gen.

56 1452 180 1506 9,26.
211 1451 365 1504 14,20.
395 1450 550 1501 24‚27.
578 1452 708 1495 Rom.
740 1450 834 1504 9‚5.
862 1451 965 1494 Gal.
993 1450 1106 1503 l,5..
1178 1450 1353 1503 Chrys„
1400 1450 1538 1493 Theo-

53 1507 175 1563 phyl.
196 1507 256 1551 al.
280 1521 331 1549 eo
351 1504 405 1550 P.
434 1505 715 1563 doxologiam
742 1508 969 1549 addidisse
995 1510 1174 1564 putant,
1213 1510 1264 1548 ut
1290 1506 1381 1549 Dei
1404 1506 1539 1566 maje-

56 1569 215 1607 statem
235 1563 401 1606 salvam
420 1564 637 1606 mansisse
656 1578 797 1633 neq>ue
820 1579 913 1606 eam
931 1578 965 1604 a
991 1563 1234 1618 gentilibus
1268 1562 1539 1606 imminutam

55 1635 156 1666 esse
176 1618 438 1664 declararet.
497 1618 681 1664 Scilicet
700 1617 939 1677 ευλογητός
956 1621 1264 1678 explicuerunt
1279 1621 1541 1664 celebratus:

57 1678 130 1737 qui
146 1677 192 1720 in
210 1677 355 1719 secula
374 1679 440 1718 est
461 1677 702 1721 celebratas
719 1677 750 1722 i.
771 1693 814 1734 q.
838 1678 914 1735 qui
934 1692 1156 1733 nunquam
1185 1691 1271 1719 non
1297 1676 1541 1720 celebrabi—

57 1744 150 1779 tur.
207 1731 280 1777 Ita
296 1732 349 1778 P.
369 1746 450 1791 pro
471 1733 605 1777 animi
622 1735 693 1777 sui
709 1735 996 1777 commotione
1025 1734 1138 1777 satis
1157 1732 1311 1793 jejune
1339 1734 1446 1776 haec
1473 1733 1541 1778 di·

59 1796 202 1837 ceret:
221 1815 277 1822 —-
305 1790 498 1834 venerati
511 1792 734 1848 suntyenti
740 1792 798 1835 les
818 1807 888 1836 res
909 1797 1080 1836 creatas
1099 1796 1251 1834 contra
1268 1792 1543 1846 conditorem,

59 1849 128 1893 cui
146 1853 317 1900 tamen,
344 1861 474 1904 quum
492 1863 589 1892 eum
605 1863 822 1906 mmquam
839 1863 924 1891 non
943 1849 1137 1892 homines
1155 1848 1413 1891 celebraturi
1438 1849 1540 1901 sint,

59 1905 171 1949 nillil
197 1903 449 1947 detrimenti
482 1907 774 1959 importarunt
798 1906 1044 1962 nullamque
1070 1904 1290 1948 macedam
1316 1906 1542 1960 adsperse-

59 1965 178 2006 rzmt.
236 1959 377 2004 Immo
410 1963 480 2002 est
505 1959 742 2018 εὐλογητός
772 1962 1072 2015 celebrandus,
1101 1961 1387 2018 preissmt‘wbig„
1416 1961 1542 2003 fecit-

61 2033 146 2076 que
182 2018 332 2074 gravis
369 2020 502 2073 atque
528 2020 703 2077 ineptae
728 2034 753 2061 a
779 2019 1021 2075 gentilibus
1048 2018 1146 2061 Deo
1172 2018 1324 2061 illatae
1354 2016 1544 2076 injuriae

61 2090 244 2129 sensus,
273 2079 323 2117 ut
342 2080 612 2134 quantopere
633 2091 727 2119 eam
747 2075 1042 2119 detestaretur
1060 2074 1114 2120 P.
1134 2074 1369 2131 doxologia
1397 2076 1544 2118 decla-

63 2136 204 2177 raret:
223 2157 279 2163 --
307 2137 349 2174 et
368 2132 592 2176 coluerunt
611 2133 770 2176 animis
793 2139 836 2177 et
866 2131 1094 2187 sacrificiis
1120 2147 1191 2176 res
1219 2132 1415 2175 conditas
1444 2145 1543 2175 con-

63 2193 135 2232 tra
154 2189 427 2242 conditorem,
456 2191 527 2247 qui
547 2192 593 2246 (o
616 2205 708 2232 rem
726 2190 848 2233 illam
864 2189 1101 2233 absurdam
1122 2193 1256 2245 atque
1275 2187 1543 2245 indignaml)

66 2245 111 2287 in
132 2246 437 2301 sempiternum
456 2246 732 2290 celebrandus
751 2252 840 2299 est3
880 2252 929 2289 ut
957 2247 1145 2304 gentiles
1170 2245 1346 2289 foedum
1371 2245 1544 2290 facinus

65 2301 336 2344 commisisse
356 2303 635 2346 manifestum
656 2303 732 2347 sit.
788 2304 850 2349 V.
871 2306 944 2349 26.
973 2309 1017 2347 et
1041 2305 1114 2347 27.
1159 2302 1234 2345 διὰ
1261 2302 1412 2358 τοῦτο]
1442 2303 1543 2348 scil.

67 2355 137 2399 ὅτι
157 2354 467 2412 ἐσεβάσθησαν
487 2363 561 2403 καὶ
582 2359 848 2416 ἐλάτρευσαν
867 2364 920 2418 τῇ
941 2360 1082 2404 κτίσει
1099 2359 1222 2415 παρὰ
1239 2356 1315 2400 τόν
1332 2359 1542 2403 κτίσαντα

67 2428 109 2458 v.
127 2413 217 2458 25..
272 2413 341 2458 Cf.
363 2415 513 2462 Schol.
532 2417 693 2461 Matth.
713 2433 736 2459 e
756 2417 836 2461 Cd.
860 2418 935 2473 Q.
995 2418 1109 2459 Sane
1128 2414 1184 2460 P.
1201 2430 1243 2459 v.
1265 2415 1336 2460 26.
1363 2416 1436 2461 27.
1466 2431 1541 2459 su-

67 2471 220 2530 perius
239 2468 353 2512 dieta
371 2486 412 2515 v.
430 2473 504 2517 24.
524 2475 664 2529 magis
687 2475 908 2527 illustrat,
940 2475 1042 2530 quia
1071 2487 1183 2530 quae
1210 2477 1336 2514 antea
1364 2488 1544 2516 monue-

67 2534 139 2571 rat
156 2542 240 2570 non
260 2527 462 2571 sufficere
487 2531 528 2573 ei
554 2530 832 2576 videbantur.
888 2530 1194 2573 Nihilominus
1221 2543 1353 2572 versu
1378 2531 1449 2575 26.
1477 2532 1551 2574 sic·

70 2584 125 2628 ad
160 2599 202 2628 V.
227 2584 303 2628 24.
332 2583 470 2638 redit,
508 2591 557 2628 ut
583 2602 624 2631 v.
651 2587 723 2632 26.
752 2603 848 2630 cnm
872 2603 914 2632 V.
943 2589 1014 2631 25.
1047 2591 1165 2629 arete
1190 2589 1379 2644 copulet.
1449 2587 1539 2644 Qui

69 2657 111 2688 v.
140 2640 213 2686 25.
245 2642 591 2697 parentleeticum
628 2645 713 2686 rati
755 2646 829 2686 διὰ
858 2645 988 2686 τοῦτο
1015 2659 1056 2688 v.
1083 2644 1180 2696 26„
1219 2645 1333 2686 sicut
1362 2642 1433 2686 διὸ
1464 2644 1542 2687 καί

70 2713 111 2742 v.
133 2698 232 2752 24„
261 2712 316 2740 ex
344 2712 385 2742 v.
406 2698 478 2742 23.
507 2704 654 2757 aptum
683 2701 917 2743 voluerunt
944 2703 1006 2757 (v.
1038 2716 1074 2745 c.
1093 2700 1277 2756 Flatt.)„
1314 2701 1347 2742 ii
1374 2716 1440 2746 VS.
1465 2702 1537 2747 25.

70 2756 157 2798 vim
191 2755 536 2812 gravitatemque
572 2771 658 2798 non
691 2758 802 2799 satis
832 2758 1084 2815 percepisse
1111 2757 1392 2801 existimandi
1422 2764 1538 2803 sunt.

72 2809 222 2868 πάθη]
262 2812 467 2869 affectem,
508 2813 604 2857 Col.
636 2814 748 2865 3‚5..
808 2814 962 2858 Cicero
993 2814 1045 2857 de
1076 2815 1165 2859 Off.
1191 2815 1369 2869 2,5‚18.
1398 2816 1535 2857 inter-

73 2872 273 2925 pretatur
308 2875 449 2912 motem
483 2870 618 2912 enimi
653 2870 861 2915 turbatos.
950 2868 1080 2928 πάθη
1116 2868 1313 2925 ἀτιμίας]
1358 2872 1538 2928 affectas
