1752 3347
211 194 268 235 22
488 193 861 237 EPISTOLA
900 194 1003 236 AD
1037 193 1394 238 ROMANOS

215 299 314 355 quis
335 306 611 358 precaretur,
647 314 775 357 quam
796 299 902 341 haec
933 300 1052 342 notio
1079 301 1372 356 cogitaretur:
1408 302 1592 345 scribere
1610 301 1678 343 (Ῑὶ-

215 370 406 399 ceronem
432 357 674 411 Bithynico.
746 354 888 398 Plena
919 357 1080 399 salutis
1111 357 1322 401 dicendae
1346 358 1534 401 formula
1562 357 1679 416 apud

217 411 411 456 Graecos
432 413 538 455 haec
555 417 644 456 est:
670 412 861 454 Πλάτων
872 409 1055 470 Ἀρχύτᾳ
1075 410 1123 456 εὖ
1141 412 1350 472 πράττειν
1363 414 1473 468 {sive
1490 413 1678 469 χαίρειν]

217 468 332 524 λέγει
345 501 357 520 ,
389 469 676 521 contractior,
704 470 778 511 sed
795 483 903 527 quae
918 470 1052 526 plane
1070 472 1116 513 in
1132 486 1253 514 usum
1274 476 1315 514 et
1343 471 1681 513 consuetudinem

214 526 412 579 verterit,
442 540 517 579 ea,
549 526 592 567 in
615 525 700 582 qua
725 526 1041 583 praetermisso
1069 542 1110 572 v.
1137 526 1199 571 λε’·
1215 543 1253 570 ει
1280 528 1467 585 simplex
1491 525 1681 568 Infiniti-

216 596 296 624 vus
311 580 482 635 χαίρειν
503 598 540 624 s.
563 576 611 624 εἶ)
632 582 838 637 πράττειν
859 583 1115 629 collocetur.
1176 544 1251 627 §ic
1280 585 1322 627 in
1354 583 1558 642 epistolis
1577 580 1682 624 Pla-

216 639 376 680 tonicis
397 636 469 692 [P.
490 637 583 682 111.
615 638 721 683 Vol.
742 638 834 683 ΙΙΙ.
865 638 934 685 ed.
951 641 1149 697 Bekker.]
1172 657 1390 699 nunquam
1415 656 1499 683 non
1528 638 1683 698 adjici-

215 698 289 737 tur
309 691 357 736 εὖ
375 691 586 751 πράττειν
607 698 666 750 [v.
686 710 722 739 c.
745 695 868 738 Δίων
886 697 1112 754 Διονυσίῳ
1136 693 1184 740 εὖ
1208 697 1430 754 πράττειν.
1492 699 1685 739 Πλάτων

216 749 441 807 Διονυσίῳ
471 745 520 793 εὗ
551 749 808 808 πράττειν],
855 752 1053 812 Philippi
1083 755 1202 811 regis
1232 761 1378 798 autem
1408 755 1684 810 aliorumque

215 807 430 865 epistolae
450 806 497 850 in
515 807 830 851 Demosthenis
850 811 1048 854 oratione
1075 813 1126 854 de
1153 816 1307 855 corono
1339 812 1533 868 itemque
1558 811 1685 853 adul-

214 864 385 906 terinae
411 864 726 908 Demosthenis
763 867 979 924 epistolae
1013 875 1267 911 constanter
1293 868 1492 910 additum
1523 868 1686 910 hahent

213 918 395 977 χαίρειν.
460 921 498 964 E
524 920 585 966 N.
614 922 673 966 Τ.
701 926 851 966 confer
876 926 984 969 Act.
1015 926 1163 979 15‚23.
1209 923 1263 967 Οἱ
1288 923 1610 968 ἀπόστολοι-
1627 949 1686 957 -

214 979 309 1026 τοῖς
324 1001 377 1011 --
395 974 606 1035 ἀδελφοῖς
625 1005 675 1011 -
691 978 907 1037 χαίρειν
934 987 979 1024 et
999 981 1093 1027 Jac.
1116 985 1155 1035 l,
1168 984 1208 1026 l.
1222 979 1429 1035 Ἰάκωβος
1448 1007 1501 1014 -
1518 1007 1573 1014 -
1590 984 1687 1030 ταῖς

216 1032 390 1076 δώδεκα
409 1035 571 1090 φυλαῖς
590 1062 643 1067 -
661 1035 891 1092 χαίρειν.
949 1038 1090 1082 Tales
1111 1039 1447 1096 inscriptionum
1470 1039 1687 1080 formulas

214 1090 358 1149 ipsam
397 1092 548 1134 statim
587 1093 821 1151 epistolam
861 1096 1064 1154 excipere
1104 1097 1228 1150 [Act.
1263 1096 1414 1148 15‚24.
1446 1095 1542 1139 Jac.
1574 1095 1684 1148 1‚2.]

215 1147 394 1191 omissis
413 1148 541 1190 bonis
561 1151 691 1203 votis,
709 1166 731 1192 a
746 1149 888 1193 Paulo
910 1153 1020 1195 nova
1039 1153 1119 1194 hac
1141 1152 1371 1195 verborum
1385 1152 1688 1208 complexione

214 1204 484 1274 superadjici
503 1206 674 1250 solitis:
690 1204 820 1263 χάρις
836 1202 934 1260 ὑμῖν
952 1210 1025 1249 καὶ
1043 1206 1194 1264 εἰρήνη
1214 1208 1330 1264 [scil.
1351 1204 1439 1264 εἴη]
1462 1205 1553 1249 ἀπὸ
1573 1209 1687 1249 θεοῦ

216 1260 388 1319 πατρὸς
408 1262 528 1320 ημῶν
548 1265 620 1305 καὶ
639 1261 794 1318 κυρίου
809 1262 952 1320 Ἰησοῦ
964 1267 1186 1320 Χριστοῦ.
1219 1280 1304 1307 non
1323 1265 1480 1307 mirum
1499 1268 1568 1306 est
1585 1278 1688 1321 pro-

214 1323 364 1376 pterea
379 1351 391 1372 ‚
423 1317 539 1376 quod
559 1321 798 1374 gratulatio
812 1319 905 1379 jam
927 1321 1060 1364 verbo
1080 1324 1246 1377 χαίρειν
1272 1323 1537 1366 continetur.
1595 1320 1688 1363 De-

214 1376 349 1432 nique
379 1389 562 1432 perraro
592 1376 752 1419 Graeci
787 1377 932 1434 ipsum
973 1393 1147 1435 quoque
1176 1379 1356 1422 verbum
1379 1377 1551 1433 χαίρειν
1575 1392 1612 1421 s.
1640 1370 1690 1418 εὖ

215 1428 431 1488 πράττειν
467 1433 675 1476 omittunt
703 1432 834 1491 idque
858 1435 1028 1478 faciunt
1052 1437 1336 1493 plerumque,
1381 1440 1429 1478 ut
1454 1435 1535 1477 hac
1563 1433 1689 1476 tanta

216 1488 432 1531 brevitate
451 1504 574 1532 suam
595 1491 664 1533 vel
685 1491 794 1532 iram
812 1493 881 1535 vel
904 1493 1236 1535 contemtionem
1263 1493 1513 1548 significent
1544 1491 1618 1547 [cf.
1650 1504 1689 1534 c.

215 1561 253 1590 c.
282 1544 466 1591 Lucian.
498 1546 679 1591 Com-iv.
706 1562 743 1591 c.
762 1549 832 1592 22.
862 1543 1152 1603 Ἑτοιμοκλῆς
1179 1546 1435 1604 φιλόσοφος
1457 1546 1690 1603 Ἀρισται-

214 1601 376 1658 νέτῳ.].
436 1602 526 1648 Sed
545 1604 650 1646 haec
668 1604 783 1646 ratio
805 1603 863 1648 N.
883 1605 940 1648 T.
967 1605 1260 1662 scriptoribus
1285 1605 1471 1647 maxime
1504 1604 1688 1662 probata

214 1664 283 1702 est
303 1658 421 1714 [vide
440 1665 617 1720 praeter
635 1661 924 1718 epistolarum
948 1660 1250 1704 Paullinarum
1274 1662 1399 1704 initia
1424 1665 1444 1702 l
1467 1660 1588 1705 Petr.
1603 1662 1690 1714 l,l.

216 1714 392 1773 Πέτρος
416 1744 463 1749 -—-
492 1715 712 1767 ἐκλεκτοῖς
748 1716 1084 1775 παρεπιδήμοις
1126 1720 1379 1776 διασπορᾶς
1408 1715 1585 1760 Πόντου
1616 1742 1690 1758 -.

215 1779 244 1820 2
275 1772 400 1817 Petr.
424 1774 516 1828 l,l.
545 1772 724 1825 Συμεὼν
754 1775 929 1829 Πέτρος
947 1800 999 1808 —-
1020 1778 1114 1825 τοῖς
1142 1773 1346 1828 ἰσότιμον
1373 1769 1474 1831 ἡμῖν
1505 1775 1691 1827 λαχοῦσι

217 1830 370 1878 πίστιν
388 1858 442 1864 -
458 1856 529 1872 -.
589 1830 693 1876 Jud.
714 1832 755 1875 1.
769 1828 936 1881 Ἰούδας
954 1858 1009 1864 —
1026 1837 1120 1882 τοῖς
1137 1830 1182 1875 ἐν
1200 1834 1295 1888 θεῷ
1321 1834 1456 1886 πατρὶ
1478 1826 1690 1887 ἡγιασμέ-

217 1904 311 1940 νοις
331 1913 384 1920 —-
407 1915 447 1920 -
477 1887 665 1943 κλητοῖς.
726 1889 871 1946 Apoc.
903 1889 996 1942 1,4.
1031 1885 1227 1947 Ἰωάννης
1260 1892 1357 1938 ταῖς
1385 1884 1498 1930 ἑπτὰ
1531 1887 1691 1942 ἐκκλη-

219 1947 338 1997 σίαις
357 1947 453 1994 ταῖς
471 1943 515 1986 ἒν
532 1943 753 2002 τῇἈσίᾳ]
787 1946 865 1987 hoc
887 1952 1036 2003 pacto,
1071 1953 1118 1988 ut
1141 1947 1182 1988 in
1208 1946 1286 1988 hac
1304 1946 1508 1999 formula,
1539 1944 1595 1987 ad
1615 1960 1690 1987 cu-

219 2006 287 2065 jus
308 2002 606 2058 integritatem
627 2016 733 2044 sane
761 2001 921 2045 desunt
950 2017 991 2047 v.
1019 2003 1285 2057 cogitatione
1314 2002 1559 2062 adjicienda
1586 2002 1690 2055 χαί-

211 2056 310 2118 ιρειν
327 2057 466 2114 λέγει,
498 2059 612 2100 nihil
629 2060 822 2116 spectari
840 2061 1007 2102 vellent
1025 2061 1110 2103 nisi
1131 2066 1179 2104 ut
1210 2060 1310 2102 inde
1337 2066 1691 2115 cognosceretur,
1744 2067 1745 2071 ’

216 2120 310 2177 quis
346 2115 603 2173 scripsisset
630 2121 675 2157 et
704 2117 762 2159 cul
782 2131 902 2173 quem
933 2117 1091 2160 literas
1120 2118 1331 2161 misisset.
1407 2117 1558 2172 Quare
1590 2123 1692 2174 post

217 2172 434 2233 ejusmodi
473 2172 804 2229 inscriptionem
843 2188 996 2216 novam
1040 2174 1268 2233 periodum
1305 2172 1470 2216 addunt
1501 2173 1691 2215 secunda

218 2227 317 2276 vota
347 2244 438 2272 com
458 2230 703 2271 flectentem
736 2230 897 2288 [Apoc.
920 2232 1015 2284 1,4.
1042 2230 1169 2286 χάρις
1197 2227 1293 2284 ὑμῖν
1319 2232 1393 2272 καί
1420 2228 1571 2287 εἰριιίη
1600 2228 1690 2271 (ΞΑ-ιὰ

220 2307 255 2331 κ.
277 2305 316 2331 τ.
339 2283 373 2329 ἓ.
407 2289 430 2329 l
489 2291 572 2330 etr.
588 2287 681 2335 l.2.
699 2286 828 2342 χάρις
846 2283 942 2340 ὑμῖν
961 2289 1031 2331 καὶ
1050 2286 1200 2344 εἰρήνη
1215 2286 1548 2342 ,τλ.ι;θιϊθειή.].
1590 2283 1692 2328 Χά-

221 2360 290 2398 ρις
310 2338 409 2395 {miv
427 2345 501 2386 καὶ
528 2341 679 2399 εἰρήνη
709 2340 801 2384 ἀπὸ
829 2345 941 2385 θεοῦ
969 2362 1002 2386 κ.
1028 2361 1064 2386 τ.
1096 2346 1153 2389 λ.1
1201 2344 1443 2385 Verissimc
1475 2344 1690 2393 Calvinus,

222 2401 397 2444 Grotius
423 2401 484 2444 al.
509 2399 638 2454 χάριν
663 2398 878 2456 fitz-orem,
922 2399 1098 2457 εἰρήνην
1125 2400 1379 2458 filieitatem
1413 2400 1692 2458 interpretati

221 2464 347 2500 sunt:
375 2457 502 2513 saror
521 2459 675 2513 (ῷυίῢ)
698 2456 810 2499 vobis
836 2458 1051 2512 continqat
1079 2463 1119 2499 et
1147 2457 1524 2514 Ῑὶ·1ι”ι·ἱ1ιιε(ῤ31ὑΰῗ)
1554 2473 1580 2500 a
1599 2458 1691 2500 Deo

224 2541 273 2546 —
302 2519 341 2555 et
359 2539 413 2543 —-
435 2515 535 2556 Jcstc
557 2514 724 2557 Christo
747 2513 776 2557 i.
806 2530 845 2556 e.
873 2515 1037 2555 utinum
1059 2515 1177 2556 Deus
1203 2520 1243 2556 ‹21
1265 2515 1387 2556 lesus
1407 2515 1598 2557 Christus
1624 2529 1689 2555 w·

221 2571 284 2613 bis
301 2569 480 2627 fau-eant
501 2576 541 2612 ct
563 2569 700 2627 (quod
721 2570 805 2611 Dei
827 2570 1084 2627 Christique
1106 2572 1255 2612 favore
1275 2572 1445 2613 ornatis
1479 2571 1572 2627 jure
1603 2585 1689 2612 me-

222 2625 598 2683 ritoque'sperare
620 2627 833 2679 licem-es
854 2633 1017 2669 vestras
1036 2633 1300 2683 prosperum.
1361 2622 1554 2670 Prinium
1577 2627 1689 2668 enin

223 2698 340 2727 more
364 2685 619 2739 pervulgato
640 2685 786 2725 solent
805 2684 998 2726 homines
1021 2684 1062 2725 in
1087 2686 1230 2726 salute
1249 2691 1290 2725 et
1313 2683 1491 2726 dicenda
1515 2690 1554 2726 ct
1581 2684 1689 2725 scri-

224 2740 359 2783 benda
378 2740 448 2789 iis,
467 2755 575 2795 quos
589 2742 787 2783 salutant
807 2746 854 2783 ut
877 2741 984 2783 bene
1005 2743 1175 2783 valeant
1197 2757 1432 2797 eorumque
1453 2755 1522 2782 res
1542 2740 1594 2782 ad
1617 2756 1688 2781 vo-

223 2799 433 2840 luntatem
464 2797 599 2838 lluant.
626 2805 794 2854 optare.
861 2797 1032 2840 Deinde
1061 2798 1421 2840 considerandum
1451 2805 1541 2844 est.
1578 2813 1689 2853 quae

223 2854 422 2915 suiJuris
452 2853 533 2898 sit.
562 2855 747 2895 formula
779 2851 906 2909 χάρις
924 2854 1020 2908 ὑμῖν
1042 2872 1078 2895 ν.
1103 2871 1135 2895 r.
1159 2856 1196 2896 λ.
1219 2856 1260 2897 in
1282 2854 1341 2898 N.
1361 2853 1417 2897 T.
1439 2855 1546 2896 nihil
1570 2854 1690 2898 aliud
