1752 3347
171 114 260 158 404
443 108 831 153 EPISTOLA
875 107 977 151 AD
1018 106 1385 152 ROMANOS

178 219 370 275 graeca).
441 215 588 272 Neque
614 214 810 257 exhibete
837 214 1029 256 membra
1054 218 1197 257 vestra
1223 216 1533 267 instrumenta,
1572 217 1661 271 qui-

179 277 252 318 bus
285 271 422 314 scelus
453 273 632 323 edatur,
674 271 855 313 Peccata
883 268 1100 326 (domino)
1127 285 1171 314 v·
1193 285 1231 316 c.
1260 286 1273 312 (
1292 286 1392 312 uum
1425 270 1619 325 linguam
1640 286 1665 312 a

180 328 431 378 mendacio,
471 343 626 370 manus
657 327 712 368 ab
745 326 908 384 injuria
941 328 1199 371 cohibeatis.
1266 286 1461 370 i’roximi
1483 326 1666 368 membri

179 385 315 443 (ἀλλὰ
339 411 388 417 -
413 385 593 439 ζῶντας)
612 388 826 427 sementia
846 385 996 426 versui
1016 384 1084 428 12.
1108 385 1313 442 opposita
1330 390 1413 437 est,
1441 382 1519 425 sed
1540 383 1666 426 rerba

182 443 237 486 ad
284 441 594 499 praecedentia
643 455 759 485 voce.
815 441 928 496 μηδὲ
974 442 1358 496 παριστάνετε
1417 439 1480 482 τὰ
1528 439 1665 496 μέλη

182 496 326 553 ὑμῶν
357 498 396 539 ὅ.
427 495 494 539 διδ.
523 514 560 539 τ.
582 495 680 551 ‘Aa
711 496 1036 540 accommodata
1064 504 1183 542 sunt.
1252 497 1369 540 Sane
1390 497 1515 539 Deus
1535 497 1668 538 domi-

181 572 263 599 nus
281 554 541 610 cogitandus
561 559 652 606 est,
678 555 748 597 cui
776 570 855 598 nos
875 560 1084 612 tanquam
1106 571 1156 597 ex
1179 554 1364 597 mortuis
1389 555 1512 597 vivos
1535 554 1669 595 sista-

183 628 302 665 mus,
342 611 420 653 sed
440 610 603 654 idcirco
636 612 772 654 Paulo
795 627 927 669 quum
956 610 1272 668 παραστήσατε
1294 609 1479 661 ἑαυτοὺς
1497 627 1532 652 τ.
1558 611 1609 652 Θ.
1628 626 1667 650 κ.

182 686 219 712 τ.
244 670 282 712 λ.
313 668 529 711 scriberet
557 683 698 711 servos
729 670 806 725 qui
834 684 880 711 se
914 670 1020 711 hero
1050 670 1213 711 sistant
1232 674 1276 710 et
1300 673 1476 725 praesto
1505 667 1595 709 sint
1613 665 1671 708 ad

185 724 439 784 accipienda
463 725 666 768 mandata
689 726 860 782 (Beza)
887 726 1144 769 obversatos
1166 739 1265 767 esse
1286 740 1369 767 non
1389 724 1534 768 credo.
1595 723 1670 765 ln-

187 784 254 825 sra
284 798 325 825 v.
354 784 420 826 16.
460 783 630 824 δούλων
661 798 752 827 voc.
784 783 952 825 diserte
983 781 1199 839 adjectum
1227 785 1318 835 est,
1365 796 1505 838 neque
1544 779 1672 837 quid-

189 854 317 898 quam
341 839 529 881 formula
552 838 764 893 declarat,
784 841 870 882 nisi
890 856 934 882 se
957 840 1088 882 alicui
1105 840 1271 891 sistere,
1291 838 1510 890 exlaetbere,
1532 843 1672 880 osten-

189 898 290 939 dere
313 897 363 951 (2
382 895 501 938 Tim.
521 896 565 949 2,
586 897 655 942 15.
689 897 781 941 Cic.
801 896 857 939 ad
877 898 980 940 Att.
1006 897 1073 949 10,
1097 898 1163 948 16,
1183 897 1226 939 6.
1258 900 1302 937 te
1325 899 1524 949 vegetum
1547 894 1673 936 nobis

188 953 234 994 in
264 952 450 995 Graecia
485 953 633 1009 siste).
692 953 1045 1010 Παραστήσατε,
1077 953 1320 1005 Aoristus,
1359 951 1414 993 ad
1448 951 1673 1007 vulgarem

191 1010 590 1054 Grammaticorum
622 1011 820 1065 regulam
850 1010 958 1053 bene
979 1009 1232 1068 respondet.
1291 1007 1407 1052 Nam
1430 1008 1505 1065 qui
1524 1023 1572 1050 se
1591 1008 1677 1050 ali-
1723 1012 1725 1014 ’

191 1067 263 1109 cui
293 1067 417 1108 sistit
445 1072 655 1123 tanquam
686 1067 860 1110 rellicto
890 1067 1096 1125 sepulcro
1125 1068 1340 1109 viventem
1370 1081 1461 1109 rem
1484 1064 1676 1123 peragit,

191 1138 303 1181 quae
323 1123 444 1166 brevi
463 1125 676 1181 temporis
709 1131 925 1167 momento
954 1124 1201 1167 absolvitur
1231 1127 1294 1179 (v.
1312 1124 1466 1166 Herm.
1487 1122 1543 1164 ad
1571 1122 1673 1177 vig.

190 1196 235 1237 p.
255 1181 357 1225 747.
379 1179 449 1224 ed.
472 1181 554 1234 4.).
627 1180 904 1238 Quamquam
934 1196 1018 1223 non
1049 1182 1262 1224 acerrime
1293 1195 1389 1223 eum
1418 1195 1469 1222 eo
1495 1184 1674 1221 eonten-

190 1237 314 1290 dam,
364 1239 440 1294 qui
470 1238 581 1279 hanc
605 1238 796 1281 on-isto
828 1239 913 1281 vim
938 1238 1157 1297 subjicere
1185 1239 1413 1280 maluerit:
1461 1251 1560 1279 esse
1581 1251 1674 1278 rem

193 1295 388 1336 continno
417 1294 662 1337 faciendam
697 1297 759 1350 (v,
788 1295 962 1352 Scleaef.
993 1297 1048 1339 ad
1078 1296 1313 1339 Demosth.
1344 1293 1429 1336 lV.
1463 1309 1506 1351 p.
1535 1293 1676 1348 488).

197 1352 321 1393 Infra
347 1351 523 1407 quidem
542 1367 583 1396 v.
598 1354 665 1397 19.
678 1352 843 1399 diserte
865 1352 1063 1396 additum
1086 1358 1155 1396 est
1175 1355 1259 1395 νῦν.
1322 1351 1412 1394 Sed
1434 1351 1588 1409 dispar
1608 1354 1676 1393 est
1715 1360 1733 1388 5

196 1408 312 1450 ratio
335 1408 421 1449 loci
444 1410 512 1461 15,
535 1411 628 1462 ll.‚
667 1410 743 1451 ubi
776 1424 887 1466 quae
919 1409 1027 1455 We'n.
1048 1426 1115 1467 gr.
1136 1426 1181 1468 p.
1199 1410 1300 1452 261.
1325 1424 1393 1466 sq.
1425 1408 1478 1451 de
1499 1409 1578 1450 hoc
1602 1423 1676 1463 ge-
1739 1434 1752 1451 -.

196 1480 301 1506 nere
324 1465 782 1524 praecepit,censurae
804 1482 926 1509 meae
945 1468 1217 1510 submittam.
1261 1462 1335 1522 ὡς]
1360 1463 1466 1508 ὡσεί
1486 1463 1679 1509 A.B.C.
1738 1453 1752 1514 Ξ

195 1522 268 1565 26.
288 1522 361 1565 47.
384 1524 455 1565 73.
484 1523 741 1566 Methodius
776 1539 848 1581 ap.
878 1524 1098 1582 Epiphan.
1128 1524 1269 1567 Haer.
1293 1524 1366 1567 (Η.
1397 1523 1695 1574 Damascen.‚.
1735 1519 1752 1580 ς’

197 1593 307 1634 quos
349 1584 562 1635 sequutus
603 1586 671 1622 est
699 1581 904 1626 Laclaem..
964 1581 1088 1625 Ὦσεί
1126 1582 1568 1639 interpretamentum
1610 1582 1680 1621 est
1740 1584 1752 1606 Ξ

197 1649 371 1687 eorum,
404 1637 479 1690 qui
500 1632 556 1685 ὡς
577 1637 622 1681 h.
642 1638 672 1678 l.
696 1653 783 1680 non
801 1637 856 1679 ad
877 1653 970 1680 rem
995 1640 1160 1697 ipsam,
1191 1638 1269 1680 sed
1290 1636 1344 1680 ad
1362 1637 1430 1679 rei
1448 1634 1699 1691 cogitatio-3
1747 1681 1752 1694 Ε

197 1705 292 1733 nem
320 1690 598 1733 referendum
627 1708 730 1734 esse
759 1694 1062 1739 observarent.
1138 1694 1299 1751 Neque
1326 1693 1441 1736 enim
1470 1694 1557 1735 vita
1579 1698 1681 1750 post

200 1751 383 1789 mortem
406 1752 580 1804 recepta
596 1780 608 1799 ,
645 1747 697 1790 de
721 1750 806 1804 qua
830 1749 881 1792 P.
904 1751 1127 1808 loquitur,
1167 1752 1254 1793 vita
1285 1755 1378 1801 est,
1414 1764 1525 1806 quae
1547 1749 1680 1804 vulgo
1718 1708 1752 1829 ἰ

198 1803 386 1855 dicitur,
417 1803 495 1845 sed
517 1803 775 1846 adumbrata
805 1810 850 1846 et
871 1807 1110 1863 opinabilis
1141 1809 1203 1862 (v,
1223 1808 1268 1849 4.
1294 1808 1403 1860 11.).
1463 1806 1521 1854 ὡς
1541 1803 1588 1848 ἐκ
1606 1819 1681 1847 νε-
1703 1808 1723 1837 ·’

200 1861 315 1915 κριῦν
343 1860 521 1914 ζιῦνῑας]
555 1860 666 1902 relat
692 1861 880 1903 homiues
909 1864 981 1918 qui
1007 1878 1064 1905 ex
1098 1863 1278 1904 mortuis
1301 1862 1455 1903 vivatis
1483 1862 1512 1903 i.
1535 1875 1575 1903 e.
1604 1861 1698 1917 qui.

199 1917 304 1958 olim
335 1917 497 1958 mortui
528 1930 640 1958 nunc
666 1918 842 1961 vivatis.
898 1918 1008 1975 Lys.
1029 1919 1127 1962 adv.
1150 1917 1381 1973 Ergoclem
1404 1918 1502 1960 init.
1522 1917 1594 1958 καὶ
1623 1916 1681 1961 ἑκ

203 1973 393 2028 πένητος
408 1972 456 2013 ἐκ
476 1974 559 2014 τῶν
579 1969 798 2031 ἷζιιετέρων
817 1975 1036 2027 πλούσιος
1053 1973 1332 2032 γεγενημένος
1351 1977 1448 2032 (np.
1475 1964 1716 2028 &almetas-⁸,

207 2031 230 2072 ὸ
257 2025 529 2085 Ἐργοκλῆς).
593 2029 751 2089 Eurip.
779 2031 856 2076 Fr.
879 2032 1117 2091 Hippolyt.
1146 2048 1189 2090 p.
1210 2033 1307 2075 190.
1337 2031 1560 2074 Matthiae
1589 2032 1712 2084 πῶςζ,

203 2081 278 2129 οὖν
310 2083 362 2127 ἂν
393 2083 449 2127 ἐκ
485 2084 713 2129 ‘comede
755 2088 1014 2142 σώματος
1053 2083 1206 2148 {quum
1232 2089 1338 2131 talis
1370 2089 1496 2130 homo
1526 2084 1700 2147 suerio?

200 2142 333 2192 κακὸς
359 2144 365 2199 l
391 2139 543 2198 γένοιτ’
566 2139 629 2185 ἂν.
690 2143 838 2189 Tacit.
859 2148 1029 2191 Annal.
1054 2150 1092 2201 l,
1112 2147 1184 2191 74.
1206 2170 1257 2178 -
1279 2144 1399 2187 dedit
1419 2141 1704 2213 exemplum?

204 2198 320 2256 quod
345 2200 520 2255 sequuti
553 2214 612 2242 ea·
640 2203 904 2256 pauperibus
925 2205 1096 2257 divites,
1137 2218 1194 2246 cx
1222 2203 1447 2246 contemtis
1469 2200 1668 2246 metuenti

203 2256 443 2314 perniciem
469 2256 571 2298 aliis
591 2271 639 2299 ac
661 2265 930 2316 postremum
954 2261 1039 2303 sibi
1064 2263 1285 2304 imenere.
1352 2259 1454 2302 Non
1476 2257 1697 2318 audiendi,

204 2319 307 2355 sunt
333 2313 492 2357 Rueck.
521 2319 566 2355 et
591 2314 788 2368 Kuellu„
835 2318 910 2374 qui
940 2318 1119 2375 νεκροί-ς
1146 2318 1189 2361 h.
1220 2318 1251 2361 l.
1283 2317 1459 2360 miseros
1485 2317 1620 2375 (Eph.
1639 2316 1708 2372 2,''

203 2372 244 2412 1.
268 2371 334 2425 5.)
363 2375 604 2427 exponunt.
684 2373 841 2415 Aliter
871 2375 986 2417 enim
1018 2374 1163 2431 νεκροί
1193 2374 1412 2432 accipiunt
1444 2376 1546 2431 (per
1567 2389 1701 2419 comeo

206 2427 339 2468 missa
371 2432 545 2484 peccata
576 2428 773 2483 miseri),
813 2431 946 2474 aliter
971 2432 1123 2484 ζῶντες
1153 2436 1328 2473 sumunt
1348 2431 1503 2486 (vitam
1523 2430 1679 2487 degen-

203 2488 295 2536 tes,
343 2499 454 2540 quae
527 2485 652 2528 ietati
680 2491 985 2541 consecretur)
1016 2504 1154 2545 eaque
1190 2503 1238 2530 re
1267 2487 1602 2530 similitudinem
1635 2488 1678 2530 i·

202 2540 445 2639 garticulas
518 2543 768 2601 iscerpunt,
816 2561 926 2602 quae
968 2547 1085 2589 inter
1125 2561 1172 2588 sc
1211 2560 1364 2603 parum
1405 2547 1677 2589 conveniunt.

244 2603 440 2639 raeterea
465 2599 612 2642 verbis
642 2597 699 2650 ὡς
719 2599 767 2644 ἐκ
792 2604 952 2659 νεκρῶν
975 2602 1136 2656 ζῶντας
1154 2602 1209 2644 ad
1228 2602 1460 2660 superiora
1491 2606 1552 2659 (ν.
1572 2603 1615 2646 2.
1633 2600 1676 2644 3.

202 2655 247 2697 4.
265 2654 332 2707 8.)
358 2655 521 2711 respici
546 2658 826 2701 manifestum
858 2664 942 2704 est.
1023 2660 1226 2716 Namque
1246 2660 1459 2717 Apostoli
1485 2658 1678 2701 admoni-

202 2711 345 2753 tiones
365 2725 404 2754 ν.
422 2713 489 2756 12.
506 2714 571 2755 13.
593 2729 644 2756 ex
666 2715 952 2759 antecedente
975 2717 1277 2775 disputatione
1295 2731 1337 2760 v.
1355 2719 1678 2772 l.—ll.aptae
1714 2733 1720 2746 ·

200 2773 302 2811 sunt
326 2782 466 2825 neque
490 2770 576 2815 nisi
603 2785 731 2815 versu
758 2773 825 2817 1⁴.
862 2789 974 2830 quae
1004 2773 1227 2832 praecedit
1262 2788 1353 2816 rem
1386 2774 1461 2816 ille
1482 2778 1676 2830 perorat.
