1752 3347
573 149 733 197 GAP.
763 150 825 197 V.
874 149 968 197 Va.
999 150 1101 199 1⁰..
1482 149 1572 194 2³79

135 259 342 300 oc'narum
365 256 696 301 denuntiatione
725 257 1049 302 atrocissimum
1073 255 1240 299 bellum
1263 258 1392 299 antea
1419 259 1570 299 oston-

134 314 289 356 ebatur
302 346 314 368 ‚
343 314 389 357 in
406 320 580 372 promtu
598 321 666 358 est
685 314 830 358 Deum
860 319 1037 373 peccata
1056 313 1161 358 olim
1177 313 1233 356 ab
1251 313 1308 357 iis
1333 313 1568 356 commissa

98 369 315 414 oblivioni
334 370 453 415 dare.
512 370 663 429 Quare
683 369 710 428 ἡ
733 370 990 429 δικαιοσύνη
1006 370 1282 415 certissimus
1301 373 1371 412 est
1387 370 1466 426 τῆς
1484 384 1569 412 κα-

98 427 318 483 ταλλαγῆς
336 428 524 473 fructus.
580 428 718 471 Recte
738 428 877 483 igitur
897 427 976 483 P.,
1003 426 1121 487 quod
1140 442 1183 475 v.
1201 429 1246 472 9.
1269 425 1444 470 dixerat
1473 426 1501 468 ὁ
1512 442 1567 469 ι-

98 484 427 538 καιωθῆναι
464 486 508 526 ἐν
532 485 597 540 ’τῷ
623 483 778 537 αἵματι
806 500 844 526 τ.
873 486 984 541 Χρ.,
1024 499 1066 530 v.
1084 486 1155 530 10.
1180 484 1315 527 causa
1344 482 1570 526 nominati}

98 553 182 597 pro
217 538 376 581 effectu
404 540 474 581 his
500 554 541 584 v.
573 540 842 582 enuntiavit:
886 541 1312 597 καταλλαγῆναι
1348 541 1418 596 τῷ
1451 542 1567 597 θεῳ

100 594 178 637 διὰ
196 595 278 636 τοῦ
296 595 498 638 θανάτου
515 610 555 637 τ.
575 597 681 653 Χρ..
738 595 923 639 Minime
939 601 1084 640 autem
1103 597 1198 654 Ap.
1222 610 1368 639 secum
1398 609 1567 653 pugna-

96 651 183 703 vit,
211 663 344 706 quum
361 651 408 695 h.
429 651 462 694 l.
483 651 626 694 Deum
649 650 811 694 Christi
833 657 972 695 morte
997 653 1045 695 in
1061 668 1139 696 nos
1154 653 1376 709 placatum
1392 666 1484 694 esse
1498 650 1566 694 di-

92 711 240 759 ceret,
276 707 390 749 alias
423 708 568 751 Deum
607 707 786 763 ipsum
816 707 984 752 Christo
1022 714 1071 752 ut
1108 715 1221 754 esset
1255 707 1474 765 piaculum
1509 708 1570 751 ad

91 763 265 806 caedem
290 764 507 808 destinato
538 764 890 818 instituisse,
932 769 983 807 ut
1011 779 1091 821 per
1115 781 1212 809 eum
1241 767 1287 810 in
1311 779 1436 808 suam
1462 777 1566 821 yra-

89 819 205 862 1iam
229 820 521 877 reciperemur
545 821 576 864 2
596 820 700 868 Cor.
721 822 775 878 5,
796 821 868 868 18.
889 820 1022 880 19.**)
1050 821 1293 877 scriberet3
1323 835 1435 881 quae
1461 834 1566 880 pro-

84 1006 87 1012 .
133 979 173 1025 *)
197 981 220 1015 2
241 979 329 1019 Cor.
350 980 383 1020 5,
402 981 461 1018 18.
488 981 555 1028 (cl.
578 982 653 1028 19.)
681 994 714 1019 v.
737 979 960 1028 κατήλλαξεν
983 980 1082 1029 ἡμᾶς
1113 982 1232 1029 ἑαυτῷ
1264 980 1285 1020 ὅ
1319 981 1415 1023 θεὸς
1444 981 1505 1018 διὰ
1525 979 1565 1016 Ἰ.

181 1031 253 1074 Χρ.
274 1040 350 1061 non
367 1027 462 1062 hanc
483 1028 554 1062 vim
580 1028 733 1064 habere:
757 1036 931 1064 nostram
955 1030 1029 1064 sibi
1045 1031 1150 1066 Deus
1173 1033 1409 1063 voluntatem
1431 1028 1570 1063 Christi

182 1080 304 1107 morte
328 1073 598 1115 reconciliabit,
628 1075 691 1109 sed
718 1075 788 1111 hoc
818 1075 1021 1111 declarare:
1059 1076 1200 1110 Christi
1222 1077 1434 1109 interuentu
1460 1074 1566 1108 Deus

181 1131 251 1153 nos
270 1120 308 1154 in
324 1130 434 1154 suam
451 1122 620 1163 gratiam
643 1122 777 1165 recepit
803 1134 822 1156 e
841 1134 875 1159 v.
895 1135 931 1159 v.
951 1121 1008 1158 19.
1032 1122 1083 1166 μὴ
1110 1120 1341 1168 λογιζόμενος
1367 1117 1494 1162 αὐτοῖς
1519 1119 1566 1156 τὰ

179 1163 460 1213 παραπτώματα
478 1162 598 1202 αὐτῶν
617 1172 652 1201 et
673 1179 692 1201 e
709 1180 740 1202 v.
759 1167 818 1205 21.
847 1168 978 1204 elucet.
1026 1168 1174 1205 Scilicet
1193 1169 1234 1202 P.
1269 1179 1379 1204 versu
1398 1166 1452 1203 19.
1480 1178 1565 1200 sen-

179 1213 329 1248 tentiam
357 1225 386 1247 v.
411 1212 467 1247 18.
495 1211 724 1256 firmaturus,
763 1226 918 1260 namque
943 1215 1070 1256 Deus,
1102 1214 1242 1261 inquit,
1273 1221 1366 1253 erat,
1408 1213 1472 1259 qui
1497 1224 1564 1258 per

180 1258 366 1292 Christum
387 1257 551 1293 homines
569 1259 605 1293 in
625 1271 726 1294 suam
745 1260 892 1304 gratiam
912 1261 1117 1300 reduceret,
1166 1260 1400 1304 (primarium
1421 1258 1566 1304 pondus

179 1304 311 1339 habere
329 1315 368 1340 v.
385 1300 481 1346 θεός
498 1310 534 1338 et
552 1305 672 1348 sedes,
696 1317 804 1350 quam
824 1314 996 1352 occupat,
1021 1314 1054 1341 et
1073 1320 1130 1342 res
1154 1307 1274 1343 docet.
1321 1304 1566 1340 stabiliuntur

179 1349 275 1384 enim
307 1362 342 1385 v.
362 1362 396 1390 ν,
417 1350 470 1384 18.
497 1349 544 1385 τὰ
571 1350 611 1386 δὲ
635 1349 757 1386 πάντα
787 1353 838 1388 ἐκ
868 1352 950 1387 τοῦ
975 1354 1122 1394 θεοῦ,
1147 1355 1216 1389 τοῦ
1240 1371 1307 1387 -.
1353 1349 1565 1397 Imperfecti

177 1390 224 1440 ἦν
249 1394 509 1432 καταλλάσσων
536 1396 562 1433 i.
583 1409 619 1443 q.
650 1395 901 1441 κατήλλασσεν
927 1398 1014 1433 haec
1032 1404 1083 1433 est
1101 1404 1279 1443 potestas:
1303 1396 1566 1432 reconciliabat

176 1449 278 1486 tum,
306 1454 422 1486 quum
442 1443 609 1477 Christus
623 1449 784 1477 mortem
803 1445 1035 1490 oppeteret.).
1082 1444 1163 1478 Hoc
1181 1451 1259 1478 tum
1278 1456 1318 1478 ex
1343 1454 1385 1477 eo
1413 1440 1565 1488 intelligi

177 1487 286 1531 dicit,
313 1488 412 1532 quod
431 1487 532 1522 Deus
553 1488 622 1532 jam
640 1488 836 1522 hominum
858 1490 1003 1524 delectis
1023 1490 1169 1526 veniam
1189 1489 1249 1523 det
1275 1487 1339 1534 (μὴ
1364 1483 1562 1534 λογιζό-

174 1546 319 1579 μενος
342 1547 379 1568 α.
408 1545 442 1571 τ.
469 1546 510 1568 π.
540 1546 578 1567 α.
610 1545 727 1578 quum
756 1534 797 1567 iis
825 1541 971 1578 peccata
999 1547 1076 1569 non
1103 1535 1289 1580 imputet),
1317 1534 1412 1568 unde
1433 1533 1563 1567 Deum

171 1579 379 1615 inimicitias
406 1578 569 1623 posuisse
595 1584 694 1613 recte
721 1591 807 1613 sane
834 1579 1088 1624 concluditur,
1121 1585 1201 1612 tum
1227 1592 1266 1613 ex
1295 1580 1365 1614 hoc
1389 1590 1562 1624 apparere

171 1627 244 1671 ait,
266 1625 364 1672 quod
383 1626 486 1662 Deus
505 1625 708 1659 doctrinam
720 1649 732 1668 ‚
757 1622 827 1669 quii
844 1623 1011 1660 homines
1028 1630 1069 1659 ut
1084 1637 1121 1660 se
1140 1624 1220 1658 Deo
1237 1624 1470 1660 reconciliari
1492 1636 1561 1670 pa·-

173 1677 336 1716 terentur
362 1670 550 1713 invitaret,
583 1670 622 1704 in
646 1669 752 1705 Pauli
770 1670 845 1716 Ap.
860 1670 995 1705 'animo
1024 1673 1075 1716 (v.
1096 1670 1199 1706 Lxx
1218 1670 1280 1708 Ps.
1304 1670 1385 1716 104,
1400 1670 1478 1715 27.)
1504 1682 1562 1704 re-

173 1717 336 1765 posuerit
362 1716 440 1760 (καὶ
465 1716 676 1761 θέμενος
699 1718 730 1752 ἒ.
753 1714 792 1760 ἦ.
820 1729 854 1751 τ.
882 1715 916 1751 λ.
947 1730 981 1751 τ.
1005 1730 1041 1752 κ.
1064 1740 1075 1750 .
1139 1717 1196 1752 Ae
1220 1716 1313 1751 bene
1338 1716 1431 1751 hanc
1457 1728 1561 1761 argu·

172 1762 433 1798 nientationem
450 1762 666 1808 procedere:
690 1763 816 1797 Deum
836 1774 903 1796 nos
920 1774 986 1808 per
1002 1762 1186 1797 Christum
1213 1762 1252 1796 in
1279 1774 1380 1797 suam
1407 1761 1561 1807 gratiam

172 1808 371 1843 restituisse
394 1822 435 1843 ex
463 1821 507 1842 eo
535 1808 707 1854 emergit,
738 1810 838 1852 quod
870 1809 973 1842 viros
996 1809 1206 1850 constituit,
1237 1810 1304 1852 qui
1326 1815 1366 1842 ut
1390 1809 1560 1843 oblatam

171 1854 423 1889 condicionem
440 1855 651 1896 acciperent
675 1854 844 1888 homines
865 1860 1084 1895 monerent,
1108 1853 1343 1888 manifestum
1370 1860 1433 1888 est.
1482 1853 1559 1899 Qui

171 1901 267 1936 enim
290 1901 536 1945 pacificatores
559 1899 603 1934 ad
628 1898 799 1933 inimicos
825 1899 1062 1944 ablegaverit,
1095 1911 1177 1933 eum
1203 1899 1417 1935 adversariis
1447 1899 1558 1944 igno-

173 1947 264 1980 visse
284 1945 364 1990 jure
381 1944 634 1980 existimamus.
682 1944 786 1988 Quae
805 1957 917 1989 quum
936 1944 984 1978 ita
1005 1945 1078 1979 sint
1104 1945 1196 1979 hene
1215 1943 1320 1978 habet
1346 1950 1423 1978 tum
1443 1944 1559 1978 Prae-

172 2004 255 2026 sens
284 1988 519 2037 λογιζόμενος
547 1995 623 2024 tum
652 1989 819 2024 Aoi-istus
844 1989 1026 2038 θέμενος,
1063 2002 1171 2036 quam
1197 1996 1408 2035 temporum
1441 1989 1556 2025 varia.

173 2037 312 2072 tionem
336 2049 412 2071 non
429 2043 526 2070 recte
556 2034 725 2081 explicuit
752 2036 980 2070 Billrothus.
1030 2038 1073 2071 V.
1088 2036 1147 2070 20.
1170 2033 1276 2083 Ὑπὲρ
1295 2037 1462 2084 Χριστοῦ
1489 2028 1556 2072 οὖν

171 2079 426 2130 πρεσβεύομεν
455 2087 490 2115 et
515 2079 685 2125 δεόμεθα
710 2080 805 2125 ὑπὲρ
823 2083 988 2128 Χριστοῦ
1014 2081 1107 2116 male
1127 2088 1243 2118 vertas
1263 2095 1347 2117 cum
1371 2083 1476 2118 Win.
1497 2094 1554 2129 gr.

170 2143 207 2176 p.
224 2129 304 2164 329.
352 2128 466 2175 igitur
490 2128 629 2162 Christi
653 2129 731 2161 loco
759 2127 937 2174 legatione
962 2128 1121 2174 fungor;
1155 2128 1290 2162 Christi
1314 2129 1467 2163 nominc
1489 2140 1553 2164 vos

171 2177 346 2210 obtestor.
383 2174 572 2208 *Neutrum
593 2173 690 2208 enirn
710 2186 750 2207 ex
768 2180 849 2208 ante
868 2174 971 2209 dictis
987 2187 1018 2210 v,
1041 2174 1096 2209 18.
1118 2173 1172 2209 19.
1197 2180 1294 2209 recte
1320 2174 1443 2220 colligi
1474 2179 1555 2221 pot·

171 2226 259 2256 erat.
311 2220 403 2256 Illud
428 2218 472 2255 P.
500 2231 520 2253 e
545 2232 584 2256 v.
610 2219 666 2254 18.
692 2219 748 2254 19.
774 2218 852 2264 jure
881 2218 1124 2267 repetivisset:
1143 2222 1262 2266 ’quare
1286 2220 1380 2254 Dei
1401 2220 1551 2254 nomine

170 2265 349 2314 legatione
367 2266 523 2311 fungor,
546 2278 609 2300 vos
629 2266 792 2300 obtestor
811 2267 874 2311 (cf.
895 2279 926 2302 v.
948 2267 1001 2302 18.
1021 2267 1085 2302 καὶ
1103 2264 1231 2307 δόντος
1248 2264 1338 2311 ἡμῖν
1357 2279 1390 2301 τ.
1412 2265 1447 2300 δ.
1463 2279 1496 2302 τ.
1512 2278 1548 2302 κ.

171 2319 207 2348 et
225 2325 262 2348 v.
284 2313 340 2348 19.
357 2314 431 2350 ,καὶ
459 2311 622 2358 θέμενος
646 2314 685 2348 ἐν
705 2309 742 2357 ἡ.
763 2325 795 2347 τ.
817 2313 852 2348 λ.
869 2327 901 2349 τ.
923 2327 956 2349 κ.
983 2326 1066 2348 cum
1091 2326 1125 2348 v.
1144 2313 1200 2348 20.
1224 2310 1269 2354 ὡς
1295 2314 1361 2347 τοῦ
1386 2313 1486 2348 θεοῦ
1504 2324 1549 2347 π.

169 2359 203 2395 δ.
220 2358 294 2403 ἦ.).
341 2359 451 2394 Unde
469 2358 520 2394 sic
540 2359 708 2404 explana:
743 2357 868 2402 Quare
891 2359 927 2402 (ἰ,
948 2372 980 2394 e.
1007 2371 1119 2405 quum
1140 2360 1241 2394 Deus
1265 2370 1335 2401 per
1356 2358 1547 2393 Christum

168 2406 209 2441 in
227 2418 331 2440 suam
357 2417 425 2440 nos
450 2405 600 2450 gratiam
632 2404 813 2439 reduxerit
840 2419 872 2441 v.
896 2406 951 2439 18.
971 2406 1050 2450 19.)
1076 2417 1148 2449 pro
1176 2405 1317 2439 Christi
1337 2407 1547 2445 commodo,

173 2451 316 2486 Christi
326 2463 480 2485 causam
499 2462 616 2494 agens
640 2451 732 2492 (scil.
750 2463 796 2485 ne
816 2451 971 2496 frustra
986 2450 1147 2486 Christus
1174 2456 1329 2485 mortem
1356 2451 1546 2486 occubue-

169 2498 232 2539 rit)
266 2496 487 2543 legationem
511 2497 742 2540 administro,
769 2497 862 2533 haud
887 2510 988 2533 secus
1014 2510 1057 2532 ac
1083 2497 1112 2531 si
1129 2498 1234 2532 Deus
1253 2496 1372 2541 (cujus
1396 2497 1463 2531 sim
1485 2497 1543 2534 le-

170 2550 270 2591 gatus
289 2556 326 2580 v.
347 2544 400 2578 18.
423 2543 516 2587 19.),
538 2543 601 2578 ubi
621 2544 831 2583 meaverba
851 2543 1080 2589 perceperitis
1100 2556 1165 2580 vos
1185 2542 1407 2581 admoneret.
1456 2541 1543 2578 Ob-

169 2597 283 2625 testor
306 2601 375 2625 vos
393 2589 543 2624 Christo
564 2591 787 2631 prospiciens
812 2590 871 2632 (ne
898 2590 927 2624 is
951 2591 1085 2624 frustra
1109 2601 1218 2623 suum
1242 2587 1376 2624 fudisse
1401 2590 1541 2635 sangui·

167 2649 252 2671 nem
277 2635 474 2679 videatur),
497 2635 602 2669 sinite
629 2648 696 2668 vos>
710 2637 792 2669 Deo
817 2634 1059 2672 reconciliari.
1106 2635 1201 2669 Tum
1228 2647 1299 2681 quo
1325 2635 1437 2682 magis
1464 2635 1537 2672 div.

169 2681 302 2718 amoris
329 2680 536 2728 magnitudo
563 2681 753 2719 sentiatur,
790 2681 832 2716 P.
850 2695 883 2717 v.
903 2683 966 2715 21.v
993 2680 1222 2716 miseratione
1239 2681 1363 2715 utitur.
1411 2681 1465 2716 lbi
1487 2679 1539 2726 μή

114 2763 117 2765 ,
169 2727 362 2765 commode
380 2727 424 2761 ad
443 2727 700 2774 cogitationem
719 2726 873 2761 refertur
888 2727 922 2762 h.
940 2740 1013 2762 rn..·
1036 2739 1120 2761 uam
1147 2727 1209 2771 qui
1225 2728 1340 2763 scelus
1357 2739 1432 2762 non
1447 2738 1536 2761 nos-

169 2782 227 2810 set
250 2773 475 2818 (vm-nacula:
505 2776 591 2809 benn
608 2776 822 2818 benicnigcn'
848 2774 979 2816 mettbct
1003 2773 1093 2817 bost)
1116 2775 1165 2812 bie
1186 2772 1311 2811 &nube
1328 2775 1415 2815 nicht
1433 2774 1536 2810 fanu:

168 2826 202 2860 tc
223 2840 265 2852 -ι-
281 2820 307 2859 i.
325 2833 357 2857 e.
376 2832 484 2867 quem
503 2819 610 2858 talem
633 2820 753 2858 virum
774 2827 893 2858 mente
917 2819 1160 2869 concipimus,
1183 2820 1258 2868 qui·
1274 2819 1418 2858 sceleris
1444 2819 1537 2856 noti·
