1752 3347
201 191 290 238 Ἠ
483 186 867 232 EPISTOLA
895 185 998 230 AD
1027 184 1384 230 ROMANOS

201 296 306 354 quia
333 294 592 339 vehementis
610 294 698 337 Dei
724 293 770 336 in
785 305 863 335 nos
883 291 1044 334 amoris
1061 295 1216 335 testem
1234 291 1440 335 habemus
1459 291 1662 347 spiritum

202 367 241 396 s.
271 351 390 395 nobis
417 353 568 394 datum
597 354 660 407 (v.
677 350 759 405 5.).
817 349 938 391 Nam
964 348 1218 392 Christus
1246 348 1490 404 (hominum
1516 346 1662 407 sospi-

200 410 345 464 tator)
371 422 498 464 (lecum
528 422 715 449 essemus
744 405 885 448 adhuc
912 409 1005 447 tum
1032 418 1080 447 eo
1098 406 1209 462 quod
1228 405 1409 460 spiritus
1424 404 1509 447 div.
1631 405 1643 416 '

202 470 280 508 tur
297 464 444 508 robore
461 464 683 516 destituti,
709 476 789 518 pro
811 462 956 518 impiis
974 466 1156 504 moriem
1184 462 1362 516 oppetiit
1389 463 1452 515 (v.
1472 462 1563 516 6.);
1593 460 1667 504 ein

200 535 345 564 meam
381 519 678 578 conjecturam
709 517 968 571 admiseris,
997 518 1058 559 ita
1089 518 1244 562 hahet:
1284 516 1536 574 fortunatae
1556 518 1669 560 ritae

203 579 302 634 opes
326 591 400 619 nos
426 592 511 619 non
538 575 681 634 fallit,
709 576 810 632 quia
839 576 1027 631 impense
1053 589 1128 618 nos
1156 590 1185 617 a
1203 576 1298 618 Deo
1322 575 1465 616 amari
1479 573 1670 617 tesiam?

203 634 386 691 spiritns
422 634 506 677 die.
535 633 656 676 nobis
682 646 901 675 concessus
938 633 1001 687 (v,
1027 631 1110 686 5.).
1185 633 1294 674 Aut
1324 632 1445 687 (scil.
1477 631 1518 673 si
1543 631 1669 672 illam

204 705 331 749 spem
352 690 508 732 fallere
560 689 701 732 utaris
720 703 760 732 v,
782 689 848 743 5.)
877 702 954 732 cnr
980 688 1094 731 enim
1113 688 1329 740 Christus,
1365 701 1523 744 quum
1550 687 1669 742 spi*

204 749 354 793 ritus
384 761 421 790 s.
455 705 649 790 v-oi'ore
693 746 866 788 adhuc
902 750 1013 788 tum
1051 759 1387 796 caret-emax,
1435 758 1534 800 pro
1570 745 1671 787 im-

203 804 321 861 piis
349 808 541 846 mortuus
568 808 632 845 est
660 805 723 858 (ν.
743 798 842 857 G.)?
879 801 911 845 i.
931 816 970 844 e.
998 815 1085 843 non
1115 801 1322 844 destituit
1349 814 1430 842 nos
1459 801 1537 842 illa
1566 813 1672 858 spen

202 861 264 904 oh
284 860 555 916 singularem
572 859 661 902 Dei
679 873 783 914 erga
805 873 885 900 nos
903 873 1093 901 amorem
1124 863 1186 914 (v.
1207 859 1289 910 5.).
1347 856 1463 898 Nam
1491 871 1578 899 non
1603 856 1674 898 id-

205 917 349 971 cireo,
378 916 558 973 opinor,
587 916 714 959 Deus
736 916 961 960 Christum
979 930 1056 971 pro
1075 915 1219 970 impiis
1236 913 1384 955 necari
1405 927 1567 970 passus
1587 916 1676 967 est,

204 978 258 1018 ut
288 987 436 1016 amare
464 972 688 1016 videretur
714 988 825 1030 quos
855 972 1024 1014 odisset
1052 974 1114 1026 (v.
1132 971 1214 1023 6.).
1244 995 1299 1001 —
1359 968 1418 1013 V.
1437 971 1480 1012 7.
1499 969 1541 1013 8.
1577 967 1673 1012 Ne·

205 1036 313 1075 xus}
342 1030 521 1074 Christo
538 1045 616 1086 pro
632 1031 776 1085 impiis
795 1028 850 1071 ad
869 1029 1134 1086 supplicium
1158 1026 1260 1068 dato
1272 1026 1399 1069 Deus
1418 1041 1545 1068 suum
1566 1039 1675 1081 erga

204 1102 290 1132 nos
311 1101 503 1130 amorem
526 1087 802 1139 manifestat,
834 1100 964 1142 quum
994 1099 1072 1137 pro
1103 1083 1309 1139 improbis
1339 1083 1437 1125 fieri
1465 1083 1672 1137 voluerit,

203 1143 329 1203 quod
346 1145 423 1187 vix
439 1158 518 1200 pro
534 1145 666 1200 probo
684 1143 847 1199 aliquis
868 1142 1039 1184 fecerit.
1067 1166 1124 1172 —
1166 1139 1539 1183 praetermittunt
1559 1140 1672 1182 hune
1710 1159 1716 1164 ·

205 1216 275 1246 vs.
297 1199 418 1244 Iren.
439 1199 537 1245 adv.
554 1200 694 1243 Haer.
714 1199 757 1252 3,
782 1201 848 1252 16,
868 1199 912 1242 8.
934 1204 978 1241 et
1000 1197 1221 1254 Origenes
1252 1196 1306 1239 ad
1328 1197 1558 1242 Canticum
1576 1198 1608 1240 l.
1625 1197 1673 1242 2.
1711 1214 1714 1216 ·

206 1273 255 1318 p.
275 1257 347 1301 53.
366 1256 437 1301 ed.
465 1257 517 1299 de
537 1258 580 1300 Ia
597 1256 716 1310 Rue,
746 1262 796 1298 ut
823 1255 880 1297 ad
910 1253 963 1300 P.
992 1254 1363 1313 disputationem,
1425 1269 1522 1296 uam
1555 1265 1674 1296 suma
1720 1264 1728 1290 ²·

204 1316 360 1358 matim
388 1313 600 1368 afferunt,
629 1327 715 1355 non
743 1327 928 1370 prorsus
950 1313 1263 1355 necessarium.
1322 1310 1381 1355 Se
1432 1325 1469 1354 c.
1492 1310 1673 1354 Celsum
1723 1317 1733 1369 j

206 1372 261 1426 4,
278 1372 322 1416 8.
360 1370 582 1425 Origenes
606 1384 674 1413 vs.
694 1371 738 1413 7.
763 1375 809 1412 et
824 1369 870 1413 8.
895 1368 1096 1412 ordjnem
1124 1368 1324 1412 invertit.
1389 1367 1522 1423 Quod
1554 1367 1674 1411 iden

207 1429 250 1471 si
270 1428 315 1469 in
334 1441 420 1469 uno
439 1428 638 1469 alterove
658 1425 740 1470 Cd.
759 1427 910 1480 fieret,
940 1427 1098 1469 mirum
1119 1441 1204 1470 non
1226 1430 1362 1469 esset.
1402 1425 1520 1468 Nam
1539 1436 1674 1482 quun

207 1485 265 1528 ob
284 1481 531 1526 ἀποθανεῖν
550 1484 594 1526 in
617 1484 705 1526 fine
721 1498 762 1528 v.
778 1485 821 1525 7.
845 1489 891 1526 et
911 1479 1135 1537 ἀπέθανε,
1165 1498 1253 1541 quo
1280 1482 1415 1525 verbo
1446 1496 1488 1525 v.
1508 1482 1553 1526 8.
1582 1487 1674 1524 ter-
1730 1472 1741 1510 5

206 1542 428 1594 minatur,
457 1540 504 1582 hi
521 1556 586 1583 VS.
605 1541 735 1583 facile
755 1540 961 1582 confundi
989 1541 1262 1598 potuissent,
1291 1538 1369 1594 (oh
1394 1539 1504 1580 hanc
1531 1539 1674 1595 ipsam

205 1606 302 1642 rem
324 1612 366 1639 τ’.
383 1597 428 1640 8.
455 1598 501 1638 in
528 1596 608 1640 Cd.
629 1599 700 1638 71.
731 1597 914 1651 excidit)
944 1603 1037 1638 tum
1070 1611 1107 1638 v.
1127 1598 1171 1640 8.
1201 1602 1304 1638 ante
1329 1609 1372 1637 v.
1389 1597 1433 1638 7.
1459 1595 1674 1637 collocato
1745 1602 1752 1616 ·

207 1654 264 1699 Ρ.
291 1654 534 1710 disputatio
564 1653 739 1695 minime
799 1652 1025 1695 erturhata
1055 1658 1191 1696 esset.
1249 1653 1382 1695 Omni
1411 1652 1548 1706 igitur
1573 1652 1679 1695 fun-
1724 1657 1727 1661 “

207 1711 411 1755 dumento
432 1709 645 1752 destituta
665 1713 735 1751 est
855 1710 934 1752 leri
962 1715 1193 1768 propterea
1217 1724 1283 1753 γε.
1301 1711 1346 1753 7.
1375 1708 1677 1752 adulterinum

207 1782 308 1812 esse
326 1766 532 1809 arbitrati
553 1766 794 1819 sententia,
824 1767 901 1822 qui
930 1775 1157 1823 praeterea
1182 1766 1287 1822 Syri
1315 1767 1545 1808 lectionem
1574 1762 1680 1808 ἀδί-

208 1840 291 1868 κου
320 1837 401 1882 pro
431 1820 608 1865 δικαίου
633 1824 890 1880 praebentis
921 1828 982 1879 (v,
1003 1824 1137 1878 infra)
1161 1830 1206 1866 et
1226 1824 1356 1866 Rom.
1377 1824 1428 1875 9,
1446 1823 1514 1876 3.,
1545 1821 1676 1882 gueni

205 1882 241 1926 l.
260 1885 413 1923 nostro
441 1894 687 1936 repugnare
717 1880 914 1936 putavit,
954 1881 1068 1922 male
1099 1886 1345 1922 antestatus
1373 1886 1458 1923 est.
1516 1878 1676 1936 Reque

206 1937 325 1981 enim
346 1936 592 1993 reputavit,
626 1935 674 1977 P.
697 1936 739 1977 h.
759 1937 792 1978 1.
820 1935 876 1977 de
902 1936 1125 1977 hominum
1155 1938 1310 1991 vulgo,
1350 1935 1466 1992 quod
1491 1936 1565 1976 vix
1592 1949 1677 1992 pro

209 1995 307 2038 viro
340 1993 453 2035 bono
486 1997 669 2035 mortem
701 1997 910 2049 oppetere
937 1993 1180 2045 sustineat,
1224 1992 1371 2049 loqui,
1409 1992 1524 2033 infra
1550 1992 1602 2044 9,
1629 1992 1677 2036 3.

243 2065 339 2093 unm
361 2050 538 2092 excelso
568 2050 663 2107 ipse
685 2054 803 2091 esset
823 2055 867 2091 et
884 2049 975 2091 alto
997 2049 1164 2102 animo,
1194 2064 1327 2106 quum
1347 2063 1428 2106 pro
1449 2046 1634 2092 Iudaeis
1650 2061 1680 2090 a

210 2067 391 2153 {bristo
411 2106 578 2149 aversis
598 2113 840 2149 extremum
860 2107 1073 2148 malorum
1092 2121 1177 2149 non
1196 2108 1336 2149 nollet
1357 2106 1544 2164 perpeti,
1564 2103 1682 2147 haud
1731 2107 1739 2127 ’

211 2164 493 2209 mediocriter
526 2168 785 2206 commotum
812 2177 1085 2220 expromere.
1161 2162 1276 2206 Item
1307 2164 1414 2206 Tan.
1451 2162 1581 2206 Fabri
1606 2176 1680 2221 ep·

212 2220 290 2276 II,
315 2221 386 2264 14.
415 2221 734 2280 conjecturam,
775 2221 852 2277 qui
881 2235 922 2264 V.
950 2235 990 2262 v.
1010 2223 1054 2265 7.
1084 2216 1197 2275 ὑπὲρ
1228 2218 1310 2276 γάρ
1338 2236 1375 2262 τ.
1396 2215 1437 2262 ἆ,
1457 2235 1495 2262 τ.
1517 2234 1554 2261 τ.
1578 2235 1615 2261 x.
1638 2234 1677 2262 τ.

213 2276 462 2322 ἀποθανεῖν
482 2286 530 2320 ut
549 2278 747 2320 scholion
771 2292 794 2320 e
817 2278 1013 2333 margine
1037 2278 1080 2319 in
1101 2277 1298 2320 ordinem
1317 2284 1480 2319 temere
1510 2276 1683 2318 illatum

213 2334 357 2378 deleri
394 2335 560 2388 voluit,
598 2348 649 2377 eo
691 2333 808 2391 quod
837 2334 924 2377 ista
949 2349 990 2376 v.
1019 2333 1263 2377 deliberato
1292 2334 1474 2377 consilio
1502 2332 1557 2374 ab
1587 2334 1683 2393 Ap.

216 2392 386 2452 adjecta
409 2407 507 2434 esse
529 2390 800 2443 ostenderis,
830 2392 960 2449 plane
987 2392 1214 2435 everteris.
1250 2418 1305 2424 —
1364 2390 1593 2448 suspensa
1613 2394 1684 2433 est

217 2464 260 2492 v.
288 2451 331 2492 7.
357 2449 575 2492 sententia
612 2449 668 2490 ab
699 2448 990 2506 explicatione
1021 2463 1061 2491 v.
1093 2447 1270 2491 δικαίου
1307 2452 1351 2490 et
1386 2451 1467 2490 τοῦ
1492 2443 1681 2503 ἀγαθοῦ.

221 2504 364 2560 Syrus
393 2502 568 2548 δικαίου
595 2505 792 2562 ineptum
828 2520 1005 2547 sensum
1041 2504 1225 2548 fundere
1263 2507 1490 2563 opinatae,
1536 2501 1681 2555 eredo,

222 2562 339 2618 quod
370 2561 509 2605 Paulo
539 2562 602 2605 sie
629 2561 940 2620 disputandum
970 2577 1070 2604 esse
1097 2562 1367 2620 putavisset:
1407 2562 1535 2605 Deus
1554 2559 1682 2604 chri-

222 2625 337 2661 stum
356 2634 433 2674 pro
455 2621 600 2674 impiis
621 2626 804 2662 mortem
826 2619 1051 2677 suscipere
1074 2619 1238 2677 jussit,
1265 2633 1393 2677 quam
1418 2633 1497 2674 pro
1523 2615 1682 2671 hujus

220 2688 351 2732 yeme
364 2677 437 2717 ris
464 2676 632 2719 homine
660 2677 730 2718 vix
759 2677 992 2734 quisquam
1020 2675 1174 2727 adeat,
1219 2692 1338 2719 more
1366 2690 1446 2718 suo
1475 2678 1536 2730 (v.
1554 2673 1683 2717 Diss-

226 2745 285 2775 m.
307 2731 352 2772 in
373 2731 415 2774 2.
434 2747 503 2788 ep.
523 2732 577 2774 ad
600 2731 801 2777 Corinth.
825 2732 869 2776 ll
887 2766 898 2785 ‚
929 2749 972 2790 p.
996 2735 1034 2775 l.
1057 2736 1147 2790 sq.)
1178 2729 1354 2775 δικαίου
1378 2734 1421 2774 in
1441 2727 1595 2772 ἀδίκου
1625 2745 1679 2772 ex

225 2788 402 2843 ingenio
432 2791 630 2833 mutavit.
691 2790 822 2846 Quod
848 2805 1096 2847 quanquam
1128 2806 1208 2848 pro
1234 2790 1421 2832 arbitrio
1448 2787 1575 2838 fecit,
1614 2792 1682 2829 ta-

228 2858 352 2898 men,
381 2843 498 2902 quod
528 2845 677 2902 Wolf„
709 2848 853 2904 Kopp.
876 2847 935 2890 al.
956 2848 1067 2891 male
1088 2851 1328 2903 negarunt,
1355 2845 1451 2903 ejus
1470 2845 1687 2903 conjectu-
