1752 3347
240 197 322 241 158
527 194 908 238 EPISTOLA
941 196 1043 239 AD
1074 195 1438 244 ROMANOS

239 305 278 347 si
299 303 430 347 Deus
449 305 581 346 causa
600 301 732 344 vincit
758 301 937 359 quande
963 316 1059 344 cum
1090 302 1343 346 hominibus
1370 303 1424 347 de
1447 306 1550 365 jure
1576 306 1716 349 disee-

238 366 359 421 ptet,
397 360 543 402 Deum
573 357 765 417 justum,
805 360 1028 402 mendaces
1057 359 1258 402 homines
1285 375 1385 404 esse
1416 369 1599 419 apparet
1616 364 1717 407 Deo

236 419 364 463 vanis
382 414 641 459 criminibus
663 419 932 473 oppugnato.
976 415 1137 459 Utram
1160 417 1571 476 interpretationem
1591 435 1717 479 prae·

236 477 377 519 feram
410 475 604 515 incertus
631 487 744 516 sum.
823 471 1101 571 Quamquam
1136 476 1425 532 posteriorem
1461 476 1718 533 explicatio-

238 547 333 575 nem
355 531 388 572 ii
410 533 706 586 praeponent,
739 529 898 585 quibus
922 545 945 572 a
967 546 978 571 ι
999 531 1053 574 iv.
1077 532 1267 574 numinis
1299 532 1529 590 majestate
1562 533 1719 576 ahhor-

238 603 335 632 rere
361 586 610 638 videbitur,
650 588 698 628 u't
719 586 844 629 Deus
876 587 1048 629 dicatur
1074 588 1132 629 ab
1155 583 1405 631 hominibus
1438 590 1478 631 in
1505 588 1720 647 judIcium

238 643 402 688 vocari.
463 641 552 685 Sed
574 643 686 685 male
707 644 834 686 Beza
855 642 899 686 ἕν
930 646 991 700 τῷ
1022 643 1256 702 κρίνεσθαί,
1283 660 1331 688 σε
1359 647 1517 689 vertit:
1555 648 1721 704 (secando

236 708 284 745 tu
295 699 501 757 jetdicces,
530 703 578 741 ut
597 715 753 756 qraeca
773 700 968 744 hebraeis
992 702 1323 759 responderent.
1384 703 1499 745 Nam
1522 709 1719 761 praeter-

238 773 368 815 quam
394 756 512 812 quod
532 756 585 800 P.
609 771 694 799 non
721 758 939 814 v2hebr„
981 758 1057 801 sed
1085 759 1219 802 Lxx
1248 761 1583 803 translationem
1612 761 1719 802 cita—

236 816 322 869 vit,
362 828 504 870 neque
534 829 615 872 per
636 829 677 858 v.
704 814 763 856 ita
798 815 1087 872 interpretari
1118 818 1223 859 licet
1259 820 1446 874 (quaudo
1475 822 1521 859 tu
1540 817 1721 873 jude‘cas

234 886 394 928 graece
416 875 485 913 est
516 870 561 913 ἐν
586 871 650 927 τῷ
677 869 841 928 κρίνειν
872 876 943 927 σε)
974 878 1018 916 et
1048 888 1254 931 perversa
1289 879 1357 916 est
1387 874 1632 917 sententia:
1672 880 1720 915 ut

237 929 371 972 causa
392 926 697 983 vincasjndeoe
718 929 795 983 (cs.
819 932 991 986 supra).
1059 931 1113 974 V.
1138 932 1178 974 5.
1226 930 1314 973 Sed
1363 934 1522 972 ›oterat
1555 930 1720 986 aliquis

237 1001 290 1029 ex
312 1000 364 1028 eo
388 984 507 1041 quod
525 999 566 1028 v.
585 985 629 1028 4.
655 983 706 1028 P.
729 985 905 1028 dixerat
936 989 1132 1029 rictorem
1159 988 1301 1029 Deum.
1330 946 1545 1029 ‹las—cedere
1562 987 1616 1028 ’ἰη
1640 984 1721 1042 jus

237 1042 548 1087 ab'homim‘bns
567 1046 763 1084 vocatum
783 1045 842 1098 (s,
866 1043 1039 1098 quando
1060 1058 1156 1085 cum
1192 1043 1438 1085 hominibus
1468 1042 1721 1100 disceptet),

237 1114 323 1158 quo
354 1099 495 1159 major
523 1099 581 1140 sit
610 1098 833 1140 hominum
856 1099 998 1141 Deum
1029 1101 1072 1141 in
1108 1101 1270 1142 crimen
1304 1099 1611 1142 adducentium
1639 1100 1719 1141 im-

250 1155 437 1200 )rohitas
458 1158 620 1212 (quove
642 1156 971 1198 intolerabilior
990 1157 1166 1198 illorum
1190 1172 1285 1200 cum
1311 1157 1488 1200 numine
1511 1162 1720 1215 expostu-

254 1214 419 1258 antium
448 1212 762 1270 impudentia),
801 1217 926 1255 tanto
959 1214 1099 1269 magis
1124 1214 1211 1256 Dei
1241 1215 1518 1256 sanctitatem
1551 1213 1720 1256 enitere

235 1275 597 1327 argumentatuS,
645 1269 817 1323 impune
850 1271 1041 1313 homines
1080 1286 1260 1327 peceare
1294 1272 1573 1324 ratiocinari,
1611 1285 1719 1327 quo-

237 1328 354 1371 niam
383 1326 599 1383 injuriam
619 1324 745 1368 Deus
771 1326 915 1369 facere
942 1326 1189 1377 videretur,
1231 1342 1361 1383 quum
1390 1327 1442 1371 de
1471 1329 1527 1370 iis
1555 1341 1720 1385 poenas

226 1386 436 1442 caperet,
466 1382 541 1439 qui
560 1382 778 1439 peccando
802 1383 1067 1437 effecissent,
1098 1390 1147 1426 ut
1166 1384 1252 1434 Dei
1277 1386 1489 1428 sanctitas
1512 1391 1721 1442 tanquam

235 1457 259 1485 e
277 1440 476 1484 tenebris
495 1440 540 1481 in
561 1440 701 1482 lucem
730 1441 1080 1497 protraheretur.
1149 1441 1266 1484 Huic
1297 1443 1456 1500 impiae
1487 1456 1720 1498 argumen-

236 1498 395 1542 tationi
417 1496 471 1541 P.
493 1496 687 1539 occurrit
719 1499 974 1554 nullamque
1004 1499 1247 1553 excogitari
1282 1514 1413 1556 posse
1444 1499 1612 1557 peccati
1642 1513 1719 1540 ex·-

235 1556 510 1598 cusationem
532 1553 661 1596 docet
681 1568 722 1597 v.
745 1553 773 1596 5
792 1579 847 1586 -
868 1557 928 1599 9..
987 1554 1060 1597 Ita
1091 1556 1249 1596 factum
1281 1561 1372 1608 est,
1406 1561 1453 1597 ut
1480 1571 1502 1597 a
1531 1555 1718 1597 consilio

236 1628 340 1665 suo,
379 1626 464 1668 quo
489 1609 756 1655 Iudaeorum
777 1610 880 1669 jura
911 1626 1168 1653 enmnerare
1197 1612 1501 1655 constituisset
1531 1627 1572 1656 v.
1606 1614 1646 1655 l.
1674 1612 1718 1655 2.

235 1669 415 1724 longius
438 1668 570 1709 etiam
601 1666 760 1711 abiret.
823 1667 913 1710 Sed
942 1670 1155 1726 scriptor,
1195 1669 1238 1710 in
1268 1684 1353 1725 quo
1387 1670 1529 1711 minor
1558 1669 1721 1711 suisset

238 1741 365 1783 quam
386 1725 429 1767 in
453 1723 504 1768 P.
525 1724 660 1766 animi
682 1724 851 1776 fervor,
882 1724 1226 1783 disputationem
1252 1725 1503 1768 diduxisset
1532 1726 1576 1768 in
1605 1725 1720 1768 hunc

238 1797 318 1826 m.:
349 1782 386 1824 si
402 1786 570 1834 autem,
599 1786 647 1823 ut
670 1782 790 1823 modo
813 1782 972 1823 de'etum
995 1788 1072 1834 est,
1106 1783 1224 1825 Deus
1250 1783 1302 1825 ab
1320 1782 1560 1825 hominibus
1582 1782 1626 1824 in
1638 1781 1719 1838 ju—

236 1840 393 1883 <licium
415 1842 610 1890 vocatus,
640 1837 855 1880 hominum
886 1840 1104 1894 prm-itate
1125 1840 1212 1881 Dei
1241 1839 1521 1882 sanctitatem
1549 1839 1718 1894 conspi-

237 1910 360 1940 cuam
379 1895 502 1938 reddi
523 1895 680 1951 aliquis
699 1895 922 1937 existimet
943 1900 1070 1952 atque
1088 1909 1147 1938 es·
1163 1910 1210 1937 eo
1233 1895 1339 1938 haec
1364 1910 1518 1938 rursus
1551 1896 1718 1938 com-lu-

237 1952 432 1996 sinneula
461 1955 692 1994 nascatur:
731 1951 948 2006 impune
977 1952 1220 1994 homines
1249 1957 1509 2006 peecant3
1548 1950 1718 2007 injuria

236 2010 349 2053 enim
381 2009 502 2051 Dens
528 2022 598 2050 eos
623 2007 773 2063 poenis
800 2013 1149 2065 persequeretur,
1188 2010 1260 2065 qni
1290 2009 1479 2051 numinis
1505 2007 1718 2050 sanctita·

236 2073 323 2111 tem
342 2066 386 2107 in
404 2065 588 2108 clm-iore
608 2066 701 2106 luce
719 2064 1040 2107 collon-avissent
1057 2066 1288 2120 peccando,
1336 2063 1433 2116 Quo
1454 2065 1719 2108 conclusiun-

238 2122 462 2166 culanilei!
479 2126 544 2164 est
563 2120 874 2164 detestabilius.
915 2122 983 2164 At
1006 2119 1057 2165 P.
1077 2120 1377 2179 disputatione
1403 2123 1446 2163 in
1468 2121 1597 2164 breve
1617 2135 1718 2163 con·

238 2179 376 2222 tracta
401 2178 518 2236 quod
538 2194 560 2220 e
580 2193 620 2221 v.
640 2192 681 2221 V.
711 2177 755 2221 4.
786 2178 858 2219 καὶ
886 2175 1069 2236 νικήσῃς
1099 2177 1144 2221 ἕν
1173 2180 1235 2234 τῷ
1266 2175 1503 2236 κρίνεσθαί
1536 2193 1585 2221 σε
1615 2192 1719 2221 con·

237 2235 355 2279 cludi
381 2240 552 2293 poterut
580 2239 788 2290 tanquam
820 2235 1082 2277 sententiam
1107 2236 1191 2277 rite
1225 2233 1325 2277 inde
1357 2240 1549 2277 coactam
1577 2235 1719 2277 conti-

237 2308 321 2336 nuo
338 2293 511 2351 posuit,
543 2291 748 2349 quidnam
772 2305 824 2333 ex
845 2292 894 2333 ea
914 2307 1070 2334 rursus
1091 2293 1243 2347 colligi
1262 2295 1414 2350 posset
1442 2292 1719 2352 adjecturus:

237 2352 275 2392 si
294 2355 439 2393 antem
458 2348 597 2407 (quod
616 2363 638 2391 e
658 2362 724 2392 vs,
746 2348 790 2392 4.
813 2348 976 2406 aliquis
997 2350 1354 2403 argumentetur)
1377 2355 1527 2393 nostra
1555 2348 1716 2392 homi-

238 2423 354 2449 num
377 2410 481 2464 (non
503 2407 786 2458 Judaenrnm,
826 2412 875 2448 ut
901 2406 1070 2462 Kopp.)
1097 2407 1296 2461 pravitas
1324 2407 1413 2448 Dea·
1439 2407 1715 2449 smvctitatem

239 2464 418 2517 evincit,
446 2463 548 2522 qnid
566 2457 691 2506 tum?
727 2476 827 2504 niem
852 2467 952 2506 etc..
1013 2462 1246 2519 Quoniam·
1268 2464 1616 2517 argumentatio,
1644 2461 1716 2503 eui

244 2519 292 2563 Ρ.
315 2520 484 2563 obviam
504 2518 691 2563 eundum
711 2533 811 2561 esse
836 2519 1030 2577 putavit,
1069 2535 1092 2562 e
1121 2534 1186 2563 vs,
1208 2519 1252 2563 4.
1286 2520 1437 2573 fluxit,
1477 2520 1537 2561 ibi
1568 2518 1713 2588 posito

240 2589 281 2618 v.
311 2577 601 2620 δικαιοῦσθαι
634 2582 776 2618 motus
806 2578 897 2634 Ap.
928 2577 1224 2643 improbitatis
1256 2577 1471 2619 humanae
1497 2583 1712 2619 notionem

238 2633 317 2688 τῆς
341 2629 653 2685 (ἷδικιάςί-ο(·,.,
691 2633 951 2691 probitatis,
991 2650 1022 2678 1.
1044 2649 1083 2678 e.
1117 2634 1390 2682 sanctitatis,
1430 2633 1517 2677 div.
1549 2631 1713 2687 cogita-

241 2691 426 2739 tioncm,
456 2705 549 2734 voc.
570 2692 648 2744 τῆς
670 2691 955 2747 δικαιοσύνης
973 2691 1233 2735 enuntiavit.
1295 2689 1479 2733 Praeter
1504 2702 1593 2731 rem
1616 2688 1712 2732 car.

247 2746 317 2788 Fr.
338 2746 553 2794 Schmid..
584 2747 623 2788 10‘
629 2747 742 2789 etech.
764 2748 823 2791 al.
847 2751 958 2790 θεοῦ
987 2747 1271 2802 δικαιοσύνην
1294 2747 1379 2789 Dei
1411 2747 1712 2801 beniqm‘tatcm

242 2803 480 2860 explicant.
545 2802 654 2844 Nam
677 2805 714 2844 si
739 2803 862 2846 Deus
881 2807 1010 2847 caitiszi
1032 2806 1164 2847 vincit
1188 2805 1227 2846 in
1255 2804 1458 2861 judicium
1493 2802 1548 2843 ab
1575 2802 1712 2843 homi-

245 2860 371 2902 nibus
392 2859 603 2902 adductus
623 2866 681 2911 (s,
704 2861 876 2919 quaudo
898 2877 992 2903 cum
1011 2854 1261 2904 hominihus
1292 2860 1562 2918 expostulet)
1596 2873 1634 2903 v.
1652 2859 1717 2914 4.,
