1752 3347
500 189 655 236 GAP.
688 189 784 234 1V.
828 190 918 233 Vs.
948 188 1156 232 0.-10..
1486 187 1571 230 219

94 296 370 356 perfugium,
420 311 505 340 non
545 298 834 340 remittuntur
869 298 964 346 τοῖς
1009 292 1342 352 ἐργαζομένοις,
1393 293 1572 351 quibus,

96 354 302 412 quoniam
324 355 367 397 in
386 355 474 398 suis
493 355 596 397 bene
612 355 748 412 sactis
775 355 933 396 salutis
963 367 1084 410 spem
1107 351 1457 404 collocaverunt,
1486 365 1572 394 non

95 412 184 454 nisi
201 409 370 479 justum
390 427 437 454 se
453 411 645 472 judicem
664 411 789 454 Deus
808 411 1043 469 praebeat,
1074 408 1183 450 hene
1213 409 1329 451 facta
1357 408 1572 467 praemiis

95 469 320 522 asflcnens,
349 469 463 512 male
485 469 599 511 facta
624 467 866 513 vindicans.
926 467 1108 509 Ducunt
1132 464 1362 523 periodum
1389 466 1572 509 voculae

94 524 305 580 καθάπερ
327 526 399 567 καὶ
420 551 472 556 -
503 524 647 568 Sicuti
669 525 800 566 etiam
820 550 889 568 -.
942 525 1031 571 §Die
1052 527 1150 568 Mun
1171 526 1266 578 aud>
1287 548 1357 568 -.
1401 537 1443 569 V.
1468 522 1572 567 Gal.
1606 556 1610 560 .

93 583 146 635 3,
175 584 216 625 6.
275 583 301 623 l
334 581 499 623 Thess.
530 581 580 633 2,
613 582 700 624 11..
760 581 969 622 Formula
1000 579 1142 634 λέγειν
1180 578 1257 621 τὸν
1292 577 1574 636 μακαρισμόν

95 652 214 686 τινος
232 636 456 679 beatitatis
484 637 854 692 praedicationem
882 638 927 678 in
955 636 1139 691 aliquem
1166 637 1305 693 eloqui
1331 639 1412 693 (bie
1434 635 1573 684 Θίὺἀς

94 694 354 749 Iicbpteifiung
391 691 616 747 Semanbess
663 694 936 748 oussfptccbem
982 691 1215 735 verborum
1285 693 1436 751 omps,
1487 707 1573 734 non

94 764 227 793 sensu
256 748 406 792 differt
432 763 456 791 3
488 750 748 806 loquutione
768 747 1032 803 μακαρίζειν
1053 748 1166 791 τινά.
1226 749 1253 791 Β
1275 750 1346 793 ale
1368 749 1474 794 Chr.
1494 749 1531 792 F
1535 763 1574 794 r.

93 806 284 850 Sclnnid.
306 804 384 848 τὸν
403 804 688 862 μακαρισμὸν
714 805 971 863 fele'ce'tatem
1000 805 1078 859 (cf.
1109 803 1455 860 εὐδαιμονισμός
1473 808 1505 850 i.
1561 838 1574 852 .

93 859 376 918 εὐδαιμονία)
411 864 629 921 explicat,
676 878 806 920 quam
843 862 930 905 vim
969 875 1063 904 voc·
1099 876 1241 918 neque
1284 864 1386 908 Gal.
1417 865 1470 917 4,
1502 820 1573 908 lg.

92 920 190 976 (ubi
220 934 261 963 v.
294 918 479 976 Rueck.)
511 920 696 974 haheat,
748 934 826 963 nec
855 917 973 976 quod
1009 918 1142 960 sciam
1174 920 1302 962 alias.
1371 919 1576 963 Lobeckii

95 977 268 1022 observ.
288 976 344 1019 ad
365 977 534 1034 Phryn.
561 992 604 1036 p.
624 977 723 1022 511.
752 982 845 1020 tum
873 975 1045 1018 demum
1073 980 1191 1018 recte
1222 976 1409 1020 citasset
1436 977 1575 1022 lifahl.

94 1033 164 1078 Cl.
193 1049 250 1077 m.
282 1033 358 1089 II,
385 1035 486 1088 42„
525 1035 564 1078 si
604 1031 626 1075 ὁ
656 1030 938 1094 μακαρισμός
974 1033 1019 1076 in
1046 1031 1107 1077 N.
1140 1032 1199 1076 T.
1237 1032 1353 1075 idem
1391 1035 1576 1088 valeret,

95 1090 214 1148 quod
244 1082 512 1150 ἡμὰΐαρία.
571 1091 631 1135 V.
655 1093 698 1136 7.
719 1092 763 1136 8.
813 1090 1149 1148 Transscripsit
1178 1088 1232 1134 P.
1263 1105 1304 1134 v.
1329 1088 1408 1135 Ps.
1431 1091 1501 1145 32,
1531 1093 1575 1136 l.

93 1150 136 1191 2.
169 1163 223 1190 ex
255 1147 424 1192 LXX..
483 1144 742 1205 ἀφέθησαν]
778 1145 1083 1203 ἀφείθησαν,
1121 1147 1307 1190 formam
1339 1152 1575 1203 augmento

95 1205 294 1248 affectam
325 1205 517 1262 (Buttm.
544 1220 610 1261 gr.
640 1220 697 1250 m.
728 1204 778 1259 I,
804 1205 950 1259 542),
987 1205 1031 1248 4.
1060 1205 1132 1248 74.
1163 1203 1246 1248 Mt.
1274 1204 1321 1249 k.
1353 1210 1396 1247 et
1425 1204 1576 1247 Minio

94 1268 210 1305 teste
239 1263 366 1306 multi
393 1261 503 1306 Cdd.
532 1267 698 1307 tenent.
739 1264 813 1305 καὶ
843 1261 901 1303 ὡν
936 1260 1057 1303 ἐπεκ.
1100 1257 1147 1304 αὶ
1183 1258 1276 1316 ἆμ.]
1317 1266 1361 1304 et
1390 1276 1576 1319 quorum

127 1323 273 1362 eccata
303 1320 445 1362 relata
482 1319 534 1375 (i.
574 1335 613 1364 e.
644 1319 788 1362 demta
826 1317 1119 1361 similitudine
1155 1319 1416 1375 condonata)
1455 1323 1575 1363 sunt.

95 1335 230 1420 ¹i'elcct
258 1377 373 1419 enim
402 1376 527 1418 Deus
558 1382 780 1432 peccatmn
806 1379 957 1435 (πῃ-,ΞΠ
986 1389 1073 1434 :132
1114 1375 1171 1419 cl.
1199 1373 1278 1418 Ps.
1306 1376 1385 1429 85,
1414 1376 1480 1431 3.)
1518 1390 1575 1418 ne

94 1437 369 1492 compareat,
418 1433 536 1489 quod
577 1433 789 1476 oblivioni
827 1432 933 1474 dare
975 1431 1185 1475 decrevit.
1254 1431 1315 1475 V.
1348 1433 1393 1475 9.
1429 1439 1473 1474 et
1504 1434 1575 1477 1⁰.
1613 1473 1617 1477 .

96 1490 370 1548 Quamquam
390 1490 588 1532 Davides
615 1506 656 1533 v.
684 1492 726 1532 7.
748 1490 791 1533 8.
817 1490 1057 1545 yeneratim
1083 1489 1298 1544 loquutus
1330 1503 1406 1530 eos
1432 1489 1575 1530 homi-

94 1563 172 1590 nes
197 1547 352 1588 beatos
381 1546 736 1603 praedicaverat,
767 1546 926 1601 quihus
946 1545 1073 1586 Deus
1105 1550 1383 1602 peccatorum
1403 1546 1575 1587 veniam

93 1603 313 1656 dedisset,
359 1608 504 1645 tamen
533 1617 631 1644 eum
661 1602 782 1644 solos
811 1594 1006 1645 Judaeos
1035 1601 1079 1642 in
1110 1606 1252 1643 mente
1284 1601 1492 1644 habuisse
1521 1617 1574 1644 ex

94 1676 145 1705 eo
174 1660 340 1717 aliquis
373 1660 591 1718 conjicere
616 1663 815 1717 poterat,
855 1656 972 1714 quod
999 1656 1112 1699 illud
1141 1658 1333 1700 Dat-ides
1368 1658 1572 1713 dixisset,

95 1719 395 1762 circumsectus
413 1717 615 1760 Judaeus.
675 1716 894 1771 Quocirca
921 1714 972 1757 P.
992 1729 1033 1758 v.
1054 1716 1095 1758 9.
1117 1716 1185 1758 10.
1206 1715 1325 1758 ineo
1359 1716 1574 1770 elaborat,

96 1780 145 1818 ut
163 1773 382 1817 Davidem
406 1774 596 1829 gentiles
618 1774 820 1815 exclusos
850 1772 1049 1829 noluisse
1078 1770 1298 1817 ostendat.
1357 1770 1469 1815 Post
1494 1771 1576 1830 τὴν

97 1833 247 1887 ἀκροβ.
275 1830 526 1887 Theophyl.,
557 1831 711 1883 Beza,
748 1828 882 1886 Wolf.
913 1830 973 1873 al.
1009 1827 1193 1878 πίπτει,
1224 1830 1349 1872 Grot.
1377 1831 1436 1874 al.
1455 1828 1575 1885 γίνε-

95 1904 192 1938 ται,
223 1887 382 1931 Rueck.
401 1888 461 1932 al.
484 1886 578 1930 ἐστι’
600 1893 744 1929 mente
763 1886 944 1930 addunt.
1005 1886 1072 1928 At
1101 1885 1356 1942 Theophyl.
1373 1886 1575 1929 Latinis-

97 1959 214 1987 mum
233 1944 344 1998 [Cic.
364 1944 503 1986 Tusc.
524 1942 603 1986 Ill
616 1976 628 1996 ,
646 1944 690 1987 4.
710 1946 753 1987 7.
777 1943 954 1986 videtur
973 1942 1079 1985 mihi
1101 1943 1253 1984 cadere
1271 1942 1316 1984 in
1332 1943 1574 1996 sapientem

97 1999 343 2056 aegritudo.
412 2000 485 2042 Sic
508 1999 675 2054 ⁴m'wvec
702 2016 745 2042 τι
774 1998 851 2042 ἐπί
879 2015 976 2041 τινα
1005 1999 1192 2054 pertinet
1224 1999 1387 2056 aliquid
1408 1999 1465 2042 ad
1491 2000 1574 2041 ali-

97 2073 220 2129 quem
241 2056 404 2099 Graeci
428 2071 513 2098 non
532 2055 762 2111 dixerunt]
787 2055 928 2099 Paulo
949 2054 1169 2107 obtrudit3
1201 2054 1277 2111 qui
1304 2054 1470 2110 γίνεται
1499 2059 1576 2097 aut

99 2112 195 2157 εστί
222 2113 454 2169 cogitando
487 2112 720 2156 admovent
747 2113 1009 2156 sententiam
1042 2127 1196 2170 parum
1228 2117 1373 2169 aptam
1395 2112 1441 2154 in
1460 2113 1575 2154 hunc

97 2172 131 2214 l.
156 2171 386 2214 invehunt:
425 2171 530 2213 haec
554 2170 693 2226 igitur
705 2169 893 2214 Davidis
918 2185 1019 2223 VOX,
1050 2169 1135 2226 quai
1156 2169 1355 2211 homines
1374 2170 1575 2212 fortuna-

98 2233 170 2269 tos
188 2227 470 2284 pronuntiat,
500 2228 733 2283 obtinqz‘tne
765 2228 817 2283 (i.
840 2242 876 2270 e.
908 2231 1166 2270 cventumne
1191 2226 1322 2268 hahet
1342 2226 1409 2280 in)
1433 2226 1574 2268 homi-

100 2284 232 2326 nibus
259 2284 555 2338 circumcisis,
596 2299 651 2326 an
671 2286 802 2327 etiam
833 2278 1162 2342 praeputiatis?
1221 2282 1345 2338 Quae
1367 2288 1486 2325 recte
1507 2282 1574 2325 di-

101 2345 330 2395 cerentur,
368 2342 408 2383 si
445 2342 515 2384 illi
541 2341 730 2384 Davidis
769 2341 887 2383 dicto
926 2346 970 2384 et
1008 2342 1097 2398 ipsi
1134 2339 1285 2396 aliqua
1310 2341 1378 2382 vis
1411 2339 1467 2382 ad
1497 2354 1572 2382 eos

100 2396 293 2440 beandos
326 2399 514 2452 inesset,
561 2399 722 2456 quibus
750 2398 876 2441 Deus
915 2402 1093 2456 peccata
1133 2396 1446 2449 condonasset,
1486 2411 1573 2454 quo

101 2453 228 2496 modo
249 2455 362 2498 bona
382 2460 557 2512 patrum
583 2458 862 2500 morientium
889 2456 1033 2497 omina
1063 2453 1172 2495 filiis
1200 2458 1387 2511 prosunt
1410 2454 1574 2499 Genes.

99 2513 180 2565 27,
207 2511 252 2554 4.
289 2512 369 2566 48,
389 2513 448 2556 9..
506 2513 677 2555 Verum
707 2513 822 2556 enim
848 2528 951 2556 vero
978 2513 1059 2554 hoc
1080 2510 1134 2553 P.
1165 2511 1352 2553 consilio
1379 2509 1572 2553 Davidis

100 2583 141 2612 v.
173 2569 407 2623 attulerat,
447 2574 497 2611 ut
525 2584 623 2613 eum
648 2571 694 2613 in
717 2570 871 2625 eadem
898 2576 1043 2612 secum
1063 2567 1283 2611 sententia
1306 2581 1405 2610 esse
1424 2571 1574 2610 osten-

101 2624 226 2667 deret
257 2631 303 2668 et
330 2639 372 2670 v.
399 2640 442 2669 V.
471 2627 516 2670 7.
544 2624 759 2682 μακάριοι
787 2627 846 2668 ὡν
874 2653 927 2658 -
958 2626 1024 2668 sic
1056 2625 1172 2667 sumi
1199 2625 1420 2669 voluerat:
1452 2624 1572 2668 beati

103 2687 207 2724 sunt
228 2686 323 2725 mec?
340 2683 556 2725 sententia
576 2684 848 2738 (fortunatos
867 2683 1089 2738 existimo)
1113 2682 1190 2737 qui
1207 2707 1276 2726 —.
1333 2680 1464 2725 Unde
1494 2681 1574 2723 λε’-

103 2755 226 2794 yeme
256 2741 316 2794 (v,
344 2754 386 2783 v.
419 2740 462 2782 6.
492 2740 546 2782 cl.
569 2740 682 2797 Eph.
710 2740 763 2793 5,
782 2741 853 2783 32.
885 2739 995 2794 λέγω
1023 2753 1067 2779 τι
1098 2737 1178 2789 εἴς
1211 2754 1309 2781 τινα
1336 2739 1447 2783 Eur.
1467 2737 1570 2794 Iph-

104 2796 163 2841 Τ.
185 2797 299 2842 1180
319 2797 492 2852 Herm.)
514 2797 672 2854 supple
692 2796 736 2840 h.
755 2811 817 2841 sa
848 2798 952 2839 haec
974 2796 1112 2851 igitur
1130 2810 1155 2839 3
1173 2795 1348 2839 Davide
1372 2795 1571 2854 profecta

102 2853 221 2896 beati
248 2852 438 2898 hominis
466 2852 707 2912 descriptio
737 2854 950 2898 diciturne
988 2854 1034 2896 in
1072 2853 1354 2898 circumcisos
1380 2854 1572 2895 tantum-
