1752 3347
157 133 245 175 310
439 127 819 170 EPISTOLA
851 127 954 170 AD
984 126 1349 173 ROMANOS

164 251 234 290 eg.
254 235 298 275 in
320 232 449 277 Rom.
470 232 520 288 5,
542 233 760 279 12.—14.
790 234 986 278 Amstel.
1008 233 1134 278 16⁵5.
1152 233 1199 279 4.
1228 248 1274 291 p.
1291 234 1389 291 21.)
1415 249 1628 281 commen-

165 298 255 334 tum
268 289 362 348 jam
384 289 553 348 pridem
574 291 805 349 explosum
825 295 910 335 est.
926 321 930 324 -
948 289 1177 334 Peccatum
1197 290 1389 349 (ῧὺηδε)
1410 292 1454 334 in
1473 295 1630 338 mundo

163 351 256 399 est,
287 361 419 403 quum
444 353 667 404 peccatur.
722 347 873 404 Quare
900 349 1119 391 sententia
1145 348 1252 391 haec
1278 353 1370 392 est:
1399 354 1634 406 antequam

164 404 235 445 lex
262 417 373 448 moS.
402 403 666 447 conderetur
691 405 968 462 peccabatur.
1044 403 1196 447 Primo
1231 406 1265 449 l.
1294 420 1336 449 v.
1367 398 1468 462 ἔχρι
1497 403 1636 457 νόμον

164 458 217 503 Ρ.
236 460 469 503 collocavit
489 465 537 503 ut
556 461 600 503 in
620 462 1001 517 argumentatione
1022 463 1275 520 praecipua.
1312 461 1640 520 Nempeomnes

166 517 358 559 homines
374 518 626 616 peccavisse
643 521 705 575 (v,
730 520 822 573 12.)
855 533 913 561 ex
931 534 981 561 eo
1000 520 1095 562 vult
1123 534 1361 577 apparere,
1392 519 1509 576 quod
1534 523 1637 562 ante

165 573 299 629 Icyem
327 589 354 616 a
405 574 504 617 [ose
529 575 692 629 latam,
721 576 766 621 h.
789 590 828 620 e.
859 590 910 618 eo
940 582 1138 634 tempore
1166 591 1253 633 quo
1282 577 1481 620 homines
1507 577 1637 618 inno-

165 635 334 672 centem
358 631 492 673 vitam
513 633 788 689 transegisse
812 633 976 690 aliquis
1005 633 1279 692 suspicetur,
1309 638 1489 690 peccata
1519 648 1637 676 com-

167 687 302 729 missa
323 687 506 733 fuerint.
563 688 680 732 Nam
700 695 797 746 post
814 689 927 745 legis
948 705 1058 733 mos.
1076 692 1473 748 promulgationem
1498 691 1636 733 nemi-

167 757 265 785 nem
295 744 448 801 probri
480 747 697 789 insontem
729 747 894 789 vixisse
923 762 1007 789 non
1038 752 1135 789 erat
1164 748 1205 789 ei
1236 748 1534 802 metuendum,
1583 762 1638 790 ne

167 800 269 856 quis
290 801 404 844 lecta
422 804 653 861 superiore
673 803 973 862 disputatione
994 806 1034 856 3,
1051 807 1117 848 10.
1132 805 1267 847 ——20.
1293 810 1491 858 negaret.
1544 803 1639 846 Vo-

166 857 311 899 culam
332 859 412 912 μέν
429 859 472 904 h.
490 860 523 902 l.
544 862 658 904 male
680 865 861 919 expetas
892 875 988 902 cum
1017 863 1140 904 Grot.
1161 865 1205 902 et
1224 859 1400 905 Rueck..
1457 860 1640 904 Fuisset

167 914 283 956 enim
308 914 415 969 μέν,
445 917 548 973 qnia
579 919 826 961 sententiae
852 917 1023 975 pondus
1055 918 1099 959 in
1122 932 1164 959 v.
1193 912 1294 970 ἔχρι
1314 916 1452 970 νόμου
1469 919 1639 974 reposi-

167 977 262 1013 tum
284 977 375 1025 est,
404 979 507 1031 post
527 967 629 1029 ἔὲχρι
652 974 898 1019 locandum.
954 973 1085 1030 Quod
1107 974 1147 1015 si
1168 972 1221 1017 P.
1245 973 1391 1015 dicere
1409 975 1642 1026 voluisset,

170 1027 232 1069 ita
253 1043 441 1086 pergere
463 1030 717 1076 debuisset:
753 1029 823 1087 μή
853 1025 1014 1081 ὄντος
1043 1030 1102 1073 δὲ
1133 1030 1310 1081 νόμου
1340 1027 1537 1087 ἁμαρτία
1562 1029 1642 1073 οὐκ

171 1082 420 1141 {mosthai
445 1087 488 1131 h.
511 1103 575 1132 s.:
612 1094 715 1132 ante
740 1090 778 1131 le
807 1102 873 1130 em
900 1088 1066 1143 quidem
1102 1101 1129 1128 α
1147 1086 1275 1129 Mose
1299 1087 1509 1142 scriptam
1540 1102 1642 1146 pec-

168 1141 377 1198 cabatur,
404 1145 481 1187 sed
510 1159 592 1187 non
615 1159 768 1201 promae
782 1148 890 1200 qam
907 1143 1048 1187 Masis
1078 1143 1166 1200 Ieye
1229 1148 1424 1186 eccatum
1454 1158 1540 1186 non
1561 1145 1643 1186 im-

203 1204 368 1244 utatur.
433 1202 503 1244 At
530 1201 634 1243 haec
660 1201 832 1254 dicere,
862 1205 911 1242 ut
940 1216 963 1243 e
993 1215 1189 1244 voccsor
1223 1201 1292 1244 ine
1321 1201 1644 1256 cognoscimus,

168 1211 315 1299 ¹IJ’aulo
346 1272 433 1300 non
461 1259 505 1300 in
541 1264 727 1301 mentem
755 1257 900 1306 venit,
931 1257 1008 1314 qui
1032 1263 1266 1316 postquam
1283 1255 1351 1314 ἐφ’
1382 1251 1417 1313 ᾧ
1440 1258 1646 1308 πάντες

169 1315 370 1372 ἥμαρτον
389 1330 430 1359 v.
453 1316 523 1359 12.
543 1315 691 1358 verbis
712 1330 754 1358 v.
778 1315 847 1358 13.
867 1311 969 1371 ἄχρι
988 1340 1041 1347 -
1062 1313 1106 1356 ἐν
1126 1314 1277 1371 κόσμῳ
1298 1314 1541 1368 stabilivit,
1569 1329 1646 1370 ge-

172 1371 337 1423 nerali,
369 1386 499 1427 quam
517 1386 634 1416 voce.
654 1369 851 1426 ἁμαρτία
872 1372 921 1414 δὲ
944 1367 1022 1414 οὗκ
1051 1370 1297 1427 ἐλλογᾶται
1320 1370 1380 1428 μὴ
1411 1367 1537 1422 ὄντος
1566 1368 1648 1414 νό-

167 1443 257 1482 μου
280 1429 530 1480 continent,
559 1429 779 1471 sententia
808 1427 1137 1471 fundamentum
1158 1428 1270 1487 jecit
1299 1427 1647 1483 argumentatio-

172 1485 266 1537 nis,
297 1486 406 1540 qua,
436 1490 484 1527 nt
504 1500 543 1529 ν.
564 1500 605 1530 ν.
628 1488 697 1530 12.
728 1487 801 1528 καὶ
826 1488 969 1534 οὕτως
1000 1510 1056 1516 -
1080 1484 1243 1534 πάντες
1273 1485 1471 1541 ἥμαρτον
1495 1498 1647 1526 corro-

172 1541 458 1594 borarentur,
488 1541 633 1584 Deum
650 1556 730 1597 pro
750 1545 831 1583 snt?
851 1542 1069 1596 sapientia
1090 1541 1370 1594 instituisse,
1399 1545 1449 1583 ut
1468 1540 1648 1584 Adamo

171 1604 355 1656 propter
382 1604 607 1656 peccatum
640 1603 812 1640 mortuo
850 1596 1050 1639 omnibus
1090 1597 1340 1654 promiscue
1379 1598 1649 1654 hominibus,

174 1655 251 1712 qui
271 1670 411 1711 usqne
427 1654 485 1696 ad
506 1653 648 1697 Mosis
667 1659 854 1697 aetatem
879 1652 1060 1696 necdum
1084 1654 1175 1696 latai
1201 1655 1301 1710 lege
1329 1669 1439 1699 mos.
1470 1670 1649 1714 peccas-

173 1717 295 1764 sent,
325 1711 542 1754 moriendi
571 1711 812 1754 necessitas
842 1712 1142 1769 imponeretur
1168 1711 1437 1757 ostenderet.
1495 1712 1649 1768 Quare

174 1768 416 1811 membrum
444 1768 571 1827 prius
598 1762 722 1826 (ἄχρι
743 1793 797 1799 —-
827 1766 872 1810 ἐν
905 1765 1078 1822 κόσμῳ)
1103 1773 1147 1809 et
1177 1769 1401 1825 posterius
1431 1767 1650 1825 (ἁμαρτία

173 1826 224 1868 δὲ
253 1850 308 1857 —-
336 1823 495 1880 νόμου)
524 1840 609 1868 non
639 1840 691 1867 eo
714 1825 888 1867 vinculo
917 1825 1220 1877 continentur,
1253 1825 1370 1881 quod
1402 1825 1648 1883 particulae

172 1880 253 1935 μέν
278 1906 331 1915 -
365 1881 416 1925 δέ
445 1886 642 1926 nectunt.
667 1906 721 1913 -
779 1879 1160 1937 Quemadmodum
1193 1880 1249 1923 ab
1277 1874 1437 1936 ἄλογος
1461 1883 1550 1938 (rei
1576 1896 1651 1925 ra-

267 2078 317 2112 At
344 2089 449 2112 nemo
473 2075 561 2123 ἄχρι
589 2076 720 2121 καιροῦ
743 2076 795 2111 sie
822 2074 955 2122 posuit.
1012 2074 1123 2109 Recte
1149 2073 1256 2119 vulgo
1286 2084 1403 2117 usque
1431 2075 1486 2107 aa
1503 2062 1654 2119 aliiyuod

269 2131 438 2165 tempus,
463 2126 694 2167 aliquamdiu
712 2129 895 2157 enarrant.
944 2121 1003 2154 Cf.
1023 2118 1133 2166 ἄχρι,
1159 2122 1265 2168 μέχρι
1287 2120 1426 2156 πολλοῦ
1451 2122 1498 2163 (v.
1514 2123 1654 2166 supra),

267 2167 355 2214 ἄχρι
386 2166 482 2211 τινός
511 2170 671 2215 Alciphr.
702 2181 756 2214 ep.
779 2168 814 2211 3,
832 2167 911 2206 52..
945 2169 1052 2212 μέχρι
1079 2163 1178 2208 τινός
1200 2167 1236 2210 3,
1256 2166 1337 2207 54..
1376 2166 1444 2211 μὲχ
1472 2180 1482 2200 ι
1511 2180 1576 2203 που
1602 2169 1654 2211 (v.

270 2215 421 2260 Scltaes.
443 2217 486 2250 ad
506 2215 697 2250 Dcniosth.
719 2215 746 2257 l,
768 2227 801 2260 p.
825 2213 918 2257 192.)
950 2215 1183 2258 aliquamdiu
1199 2215 1432 2259 (quamquam
1472 2215 1582 2254 ,υς-..4,
1601 2213 1654 2251 13.

269 2263 374 2298 etiam
392 2263 523 2308 exponi
543 2269 678 2307 potest,
705 2272 821 2305 usque
838 2263 889 2293 ad
907 2267 1051 2301 tempus
1070 2262 1345 2302 opportunum).
1397 2259 1487 2293 Nam
1515 2272 1546 2292 v.
1569 2273 1653 2295 naa·

268 2306 333 2357 ρός
350 2322 424 2343 non
444 2310 559 2343 solum
582 2316 651 2343 tem
669 2320 721 2342 »us
748 2312 1017 2350 oppurtunum,
1041 2305 1104 2340 sed
1131 2305 1236 2339 etiam
1267 2311 1416 2347 tempus
1439 2304 1655 2351 simpliciter

271 2356 456 2401 designare
485 2361 625 2390 constat
666 2356 758 2388 ὶοηι.
779 2353 903 2390 3,26..
964 2352 1045 2386 Non
1076 2364 1329 2385 memorassem
1360 2351 1448 2384 adeo
1479 2351 1591 2386 levem
1620 2358 1656 2387 et

270 2417 310 2437 ex
329 2408 492 2448 tempore
511 2401 627 2435 susam
653 2400 864 2434 Tillmanm'
876 2398 1088 2432 sententiam
1102 2423 1110 2437 ,
1137 2397 1202 2431 nisi
1223 2410 1301 2431 eam
1322 2397 1436 2432 doctis
1458 2396 1539 2431 viris
1566 2412 1655 2445 pro-

271 2449 391 2482 batam
411 2460 485 2483 esse
508 2447 684 2481 vidissem.
735 2445 902 2480 Ceterum
925 2444 1071 2478 vocibus
1092 2442 1177 2489 ἄχρι
1202 2451 1235 2478 et
1255 2443 1361 2490 μέχρι
1391 2444 1543 2477 multum
1576 2444 1654 2478 diu·

274 2507 342 2539 que
361 2495 568 2528 examinatis
588 2492 673 2527 nihil
699 2499 815 2526 tamen
846 2489 1064 2525 discriminis
1092 2490 1272 2536 repperire
1303 2490 1425 2537 potui,
1451 2489 1517 2523 nisi
1543 2488 1653 2536 quod,

275 2546 315 2574 ut
335 2541 416 2574 satis
436 2546 597 2580 constat,
624 2546 775 2583 utraque
801 2536 935 2583 aliquid
960 2536 1015 2570 sui
1044 2536 1170 2579 habet,
1199 2535 1296 2580 qnod
1325 2535 1472 2570 alteram
1503 2548 1577 2570 non
1602 2541 1651 2570 at·

275 2586 387 2629 tingat
415 2586 516 2633 (ἄχρι
536 2586 657 2628 enim,
684 2590 722 2619 ut
750 2584 819 2618 hoc
838 2595 1057 2624 memorem,
1081 2582 1182 2617 etiam
1208 2581 1436 2617 Adverbium
1455 2588 1525 2621 est,
1549 2581 1651 2625 μέχρι

275 2644 347 2665 non
377 2632 478 2673 item,
520 2633 741 2678 struitur-que
765 2630 889 2677 μέχρις
913 2621 988 2672 οὗ,
1025 2630 1277 2669 pleonastica.
1311 2634 1350 2662 ut
1382 2627 1469 2662 mihi
1502 2628 1650 2668 videtur,

275 2676 441 2722 loquutio
471 2692 488 2712 e
517 2678 631 2712 multo
661 2677 836 2712 formulae
860 2676 986 2722 μέχρις
1004 2667 1048 2711 οὗ
1076 2688 1140 2710 usu
1171 2682 1291 2729 nata,r
1305 2686 1389 2710 eum
1407 2673 1593 2724 Getnitivo,
1617 2685 1649 2723 ἵ.

278 2722 408 2758 Herm.
429 2725 469 2758 ad
495 2724 572 2767 vig.
596 2738 630 2771 p.
643 2724 721 2759 786.
739 2724 795 2760 ed.
814 2725 846 2758 4.
864 2750 874 2766 ,
906 2735 978 2757 non
999 2735 1110 2768 aeque
1129 2719 1233 2767 ἄχρις
1249 2722 1311 2762 ov)
1337 2720 1466 2755 diversi
1497 2731 1539 2753 ue
1564 2730 1650 2769 scri·

279 2775 399 2815 ptores
426 2769 630 2804 alterutram
659 2782 806 2812 vocem,
847 2769 998 2805 maxime
1026 2769 1061 2805 iu
1090 2769 1194 2806 certis
1229 2766 1441 2815 quibusdam
1486 2764 1650 2802 otmunt.

281 2813 391 2852 anei-t
414 2815 522 2862 magi·
547 2813 831 2863 frequentarunt.
