1752 3347
168 109 256 152 3⁴4
446 102 829 147 EPISTOLA
867 100 970 143 AD
1008 99 1372 146 ROMANOS

174 213 344 256 cce-esent
372 213 473 253 actu
503 214 579 252 ant
607 211 748 263 poena
777 208 894 264 diyni
920 211 1062 249 essent
1084 220 1158 264 np.
1177 210 1341 260 morte,
1368 212 1640 264 peccatorum

173 268 313 327 poena
328 299 340 319 ,
372 266 429 308 iis
450 266 617 308 inflicta
637 270 683 308 et
704 262 872 307 δίκαιοι
892 260 1311 317 κατασταθήσονται
1339 264 1642 310 tractabuntur

173 323 349 380 perinde
369 337 420 365 oc
437 325 477 366 si
494 323 617 378 probi
636 326 775 365 essent
794 320 1077 377 interpretati
1098 323 1216 363 sunt.
1273 318 1426 361 Verba
1445 320 1543 377 ipsa
1564 321 1645 364 hoe

174 395 261 422 non
282 379 449 434 dicunt,
479 395 611 437 quum
632 392 774 435 neque
805 377 1116 419 καθίστασθαι
1135 377 1324 419 tractari
1339 391 1479 433 neque
1500 372 1651 434 ἆμαρ-

177 432 321 486 τωλός
346 441 488 492 poena
514 437 685 492 diynum
711 434 922 477 declaret.
989 432 1150 490 Neque
1179 437 1283 491 post
1311 430 1650 488 κατεστάθησαν

177 508 261 551 sup
295 494 387 536 lere
423 494 530 536 licet
563 508 605 536 v.
644 492 849 534 nimirum
879 505 956 549 per
987 490 1168 548 ellipsin
1200 491 1363 533 omissa
1396 488 1460 540 εἰς
1491 490 1652 546 κρίσιν,

179 555 229 592 ut
274 550 396 594 teich.
423 551 655 609 opinatur,
697 549 774 605 qui
802 548 910 590 mire
940 548 982 589 in
1014 548 1125 590 hanc
1144 561 1235 589 rem
1254 548 1362 590 citat
1379 546 1530 590 LXX.
1556 547 1652 593 Jes.

179 608 222 660 3,
245 607 314 651 13.
336 604 448 649 ἀλλὰ
467 613 542 649 νῦν
563 602 988 660 καταστήσεται
1016 602 1100 654 εἰς
1128 600 1317 662 κρίσιν
1346 607 1411 660 (se
1433 607 1580 656 sistet,
1606 619 1652 647 se

183 669 425 718 componet,
456 661 738 720 adjudicium
756 662 1067 713 exercendum,
1095 662 1150 704 cs.
1176 662 1408 703 formulam
1439 659 1504 711 εἷς
1523 659 1654 716 λόγον

181 719 494 763 καθίστασθαι
524 718 641 778 apud
671 717 845 776 Sclmef.
877 717 933 760 ad
958 718 1193 762 Demosth.
1219 718 1277 761 V.
1308 734 1351 775 p.
1372 719 1468 772 49.)
1503 715 1654 772 κύριος

184 777 261 819 καὶ
286 775 441 832 στήσει
467 774 534 827 εἷς
555 773 700 833 κρίσιν
724 775 800 817 τὸν
831 775 940 818 λαὸν
970 773 1121 818 αὑτοῦ.
1193 774 1283 817 Sed
1318 782 1470 832 posset
1508 781 1655 816 tamen

183 832 333 876 verbis
355 834 432 876 ille
454 848 601 876 sensus
628 832 829 876 subesse.
886 831 1001 874 Nam
1032 832 1278 874 maleficum
1308 832 1532 884 sistimus,
1562 838 1656 874 tuni

186 905 316 947 quem
356 891 618 933 maleficium
657 890 933 932 commisisse
970 889 1243 943 argumentis
1280 886 1511 940 docemus,
1563 894 1658 930 tum

185 962 316 1004 quem
335 948 553 1006 supplicio
573 947 790 990 afficimus
820 945 1032 988 maleficis
1066 945 1314 1003 proposito.
1381 943 1554 1002 Nempe
1583 944 1660 986 de-

184 1006 320 1047 decus
350 1005 606 1063 concepisse
636 1004 714 1061 qui
749 1002 976 1045 dedecoris
1014 1017 1198 1060 poenam
1237 1000 1423 1044 sufferat
1460 1002 1660 1044 homines

185 1063 317 1116 vulgo
331 1061 551 1121 judicant.
608 1062 678 1104 At
695 1061 808 1103 falsa
827 1066 897 1103 est
924 1060 1102 1102 illorum
1131 1060 1420 1116 interpretum
1449 1059 1662 1116 explana-

187 1120 251 1160 tio
280 1118 466 1173 idcirco,
507 1117 625 1176 quod
655 1116 709 1161 P.
733 1123 840 1184 post
866 1117 1038 1159 facinus
1068 1116 1122 1158 ab
1149 1116 1326 1159 Adamo
1356 1122 1662 1174 perpetratum

188 1191 341 1219 omnes
358 1177 606 1234 promiscue
627 1176 850 1227 hommes,
879 1178 927 1215 ut
946 1189 1025 1216 sua
1045 1178 1224 1230 peccata
1250 1174 1448 1227 luerent,
1476 1179 1663 1217 mortem

188 1234 449 1276 occubuisse
474 1248 516 1276 v.
541 1234 608 1278 12.
642 1232 845 1289 scripsit,
883 1246 968 1272 non
989 1232 1157 1273 Adami
1186 1231 1358 1273 facinus
1386 1237 1478 1273 tum
1509 1231 1664 1289 probis

187 1295 282 1332 tum
305 1291 518 1348 improbis
541 1289 756 1332 moriendi
780 1288 1089 1331 necessitatem
1118 1289 1348 1342 attulisse,
1389 1303 1521 1345 quum
1551 1287 1666 1330 fflml

187 1346 372 1390 fecisset
398 1351 446 1389 ut
477 1348 688 1389 mortales
717 1361 742 1388 a
770 1346 948 1388 mortali
976 1346 1070 1388 viro
1091 1351 1434 1402 generarentur,
1464 1346 1668 1403 disputa-

190 1404 270 1447 vit.
341 1403 558 1462 Superest
595 1404 760 1458 igitur,
808 1407 857 1444 ut
888 1404 982 1460 Ap.
1012 1403 1094 1445 hoe
1124 1403 1212 1445 sibi
1239 1403 1454 1445 voluerit:
1497 1402 1667 1446 Adami

189 1462 507 1503 contumaciam
529 1461 704 1514 fecisse,
724 1464 773 1502 ut
791 1465 1045 1518 peccatores
1065 1461 1334 1502 sisterentur
1355 1458 1482 1502 multi
1503 1465 1669 1515 (omnes

190 1517 302 1560 dicit
332 1519 503 1560 ratione
532 1518 682 1561 hahita
713 1516 769 1558 ad
799 1532 839 1560 v.
860 1518 952 1571 15.)
972 1532 1045 1574 np.
1065 1532 1196 1573 quum
1219 1532 1369 1558 corum
1394 1531 1527 1568 mors,
1555 1532 1667 1573 quac

192 1579 243 1616 ut
266 1580 481 1632 perpetua
515 1579 792 1633 peccatorum
820 1588 959 1631 poena
986 1579 1106 1616 esset
1127 1573 1330 1617 Adamas
1358 1574 1670 1627 commisisset,

192 1645 265 1673 eos
292 1632 532 1686 peccavisse
559 1632 823 1673 ostenderet:
870 1631 975 1672 item
1010 1631 1208 1673 futurum
1239 1646 1365 1681 esse,
1411 1637 1461 1673 ut
1496 1631 1671 1675 Christi

196 1687 321 1730 obse(
340 1689 411 1730 uio
439 1689 636 1730 insontes
662 1688 882 1729 sistantur
915 1687 1042 1728 multi
1072 1689 1126 1743 (i.
1148 1703 1187 1730 e.
1219 1703 1368 1730 omnes
1400 1703 1439 1731 v.
1466 1689 1556 1741 15.)
1595 1703 1671 1746 np.

197 1703 372 1801 quanilo
412 1744 643 1797 Christus,
690 1744 867 1798 generis
903 1744 1081 1786 humani
1117 1744 1254 1803 judex
1294 1746 1344 1800 (2
1367 1744 1541 1797 C01·.5,
1566 1747 1673 1797 10.),

196 1804 291 1850 τοῖς
311 1802 621 1843 ὁικαιωθεῖσιν
642 1800 772 1842 vitam
794 1815 1046 1854 perennem,
1067 1804 1144 1856 τῆς
1164 1801 1446 1856 δικαιοσύνης
1464 1802 1670 1850 fructum,

198 1858 511 1912 assignaturus
545 1857 604 1898 sit
631 1860 694 1911 (v,
715 1858 766 1909 2,
789 1858 858 1900 13.
887 1857 938 1909 3,
957 1857 1028 1899 30.
1056 1862 1100 1898 ct
1127 1857 1191 1898 ibi
1221 1859 1360 1910 not.),
1399 1858 1475 1899 ubi
1505 1858 1560 1898 iis
1579 1872 1672 1901 rem

197 1929 284 1957 non
306 1914 564 1967 denegatam
583 1928 708 1964 csse,
741 1913 815 1968 qui
846 1913 912 1954 rei
936 1913 1230 1955 emolumento
1250 1914 1478 1967 fruantur,
1505 1914 1678 1958 intelli·

200 1976 348 2026 gatur.
405 1971 534 2013 Hanc
564 1970 830 2028 posterioris
859 1970 1041 2012 membri
1070 1970 1479 2027 interpretationem
1505 1976 1550 2013 et
1577 1987 1677 2016 ora·

200 2029 336 2070 tionis
378 2028 518 2071 series
549 2026 847 2080 commendat,
897 2042 1029 2083 quum
1057 2027 1136 2069 hoc
1158 2042 1223 2071 vs.
1256 2043 1295 2070 v.
1321 2028 1390 2070 18.
1422 2029 1678 2073 illustretur

198 2086 413 2141 (animum
452 2084 629 2127 adn-erte
658 2099 700 2128 ν.
720 2085 789 2128 18.
828 2083 883 2126 ad
915 2082 1146 2126 δικαίωσιν
1177 2084 1313 2140 ζωῆς
1342 2086 1397 2127 cl.
1426 2101 1466 2129 ν.
1487 2087 1604 2139 21.)‚
1633 2091 1680 2130 et

202 2158 275 2185 res
298 2143 396 2200 ipsa
419 2143 578 2186 firmat.
638 2140 756 2184 Nam
779 2138 818 2182 oi
842 2139 1012 2183 ὁίκαιυι
1029 2147 1117 2183 tum
1139 2140 1308 2183 demum
1340 2143 1558 2185 sistentur
1577 2145 1619 2187 h.
1638 2161 1680 2189 e.

201 2205 546 2255 cognoscentnr,
603 2213 733 2256 quum
776 2198 984 2241 Christus
1026 2199 1289 2241 sententiam
1325 2198 1462 2258 judex
1507 2202 1680 2247 tulerit.

203 2256 349 2313 Quam
369 2271 481 2299 nunc
501 2256 711 2299 habemus
729 2256 1032 2310 integritatem
1051 2263 1113 2309 (v.
1138 2258 1201 2307 l.)
1224 2257 1372 2313 opinio
1393 2263 1460 2299 est
1482 2263 1554 2300 aut
1576 2274 1681 2317 spes

205 2315 478 2369 integritatis
520 2328 543 2356 e
583 2313 753 2357 Christi
786 2312 956 2371 judicio
995 2312 1287 2365 auferendae,
1346 2315 1544 2357 sincerae
1594 2318 1683 2372 quzi

206 2371 433 2414 Christum
454 2370 648 2428 amplexi
667 2370 806 2412 simus
829 2369 930 2411 fidoi
958 2370 1224 2412 conscientia
1257 2371 1385 2415 fulta.
1443 2372 1562 2414 Male
1599 2374 1683 2427 igi·

207 2434 282 2470 tur
308 2429 456 2481 Beza,
503 2429 653 2477 Grot.‚
698 2425 847 2483 Wolfi,
887 2427 1071 2479 Meum„
1108 2426 1267 2471 Rueck.
1298 2430 1357 2472 al.
1393 2437 1682 2474 enarrarunt:

242 2499 289 2526 er
324 2485 494 2528 Christi
537 2484 795 2541 obsequium
844 2484 1144 2539 integritatem
1188 2486 1371 2541 posthac
1414 2487 1541 2529 multi
1579 2487 1679 2530 dum

207 2499 318 2584 iianc
348 2543 480 2584 vitain
510 2547 641 2595 agent.
670 2547 992 2598 consequentur
1024 2557 1096 2599 np.
1127 2540 1208 2583 lide
1238 2543 1413 2594 hahita,
1454 2545 1538 2599 qua
1561 2542 1585 2599 ἡ
1616 2545 1680 2586 δι-

212 2595 422 2653 καιοσύνη
451 2602 728 2655 comparetur
758 2613 797 2641 v.
825 2601 865 2641 1.
923 2600 1100 2641 Grotius
1129 2597 1270 2641 Paulo
1304 2615 1436 2656 quum
1465 2603 1580 2642 ω”τω
1609 2602 1682 2642 καὶ

213 2656 254 2698 ὁ.
272 2669 309 2696 τ.
334 2649 374 2697 ir.
394 2669 430 2694 τ.
455 2651 488 2696 ἕ.
511 2658 675 2697 dinami
697 2655 1111 2711 xataozat‘bsoomac
1138 2653 1176 2696 oi
1203 2655 1585 2700 5107.).1›1'e,xa1·arct
1606 2657 1681 2701 Je—

212 2711 332 2753 saiae
353 2710 481 2753 verha
502 2713 570 2759 53,
592 2715 659 2755 ll.
683 2712 807 2755 'cz-f:
828 2727 929 2763 ἡκ·
959 2727 1062 2765 τῖ’-ῖς
1086 2727 1211 2767 7573?
1237 2713 1468 2757 obversata
1487 2729 1585 2756 osse
1603 2728 1683 2769 pn-

218 2773 305 2822 tat,
336 2767 451 2826 qnod
472 2774 510 2810 ct
537 2769 632 2827 ipsc
656 2759 925 2824 crederem,-
942 2771 979 2813 si
1010 2761 1224 2830 Apostoli
1248 2773 1391 2815 oratio
1413 2786 1507 2815 cum
1537 2771 1684 2814 verbis

1748 1187 1752 1199 -
1745 1107 1752 1132 x..
1740 829 1752 1087 4s—1-QnA-——.-
1750 785 1752 804 ..
1747 759 1752 767 2
