1752 3347
1410 81 1417 102 Χ

440 148 600 195 cAP.
633 147 696 195 V.
751 147 847 194 Vs.
879 146 1114 193 12.--14..
1432 144 1519 190 287

53 257 315 304 inserviunt.
371 256 523 314 Quare
541 257 622 301 tori
647 255 818 315 protasi
843 269 929 298 non
957 252 1248 312 respondent,
1276 254 1328 294 ut
1356 249 1523 309 apodo-

54 317 120 360 sis
147 313 361 371 legitimis
384 329 427 360 v.
456 329 543 357 non
572 318 808 372 conceptae
838 314 1094 355 sententiam
1127 325 1207 369 per
1224 308 1521 352 anacoluthon

53 374 416 431 complectantur.
490 370 663 429 Nempe
702 370 966 412 sententiam
995 383 1036 412 v.
1062 369 1132 412 12.
1162 367 1332 409 Adamo
1361 366 1411 407 ob
1443 365 1521 407 ad-

54 430 232 473 missum
257 428 430 486 facinus
460 434 628 471 mortuo
668 442 740 469 om
753 441 843 469 nes
883 427 1079 481 deinceps
1116 425 1305 467 homines
1339 427 1522 465 mortem

56 484 333 542 appetivisse,
361 486 461 541 quia
489 497 635 527 nemo
663 497 809 525 eorum
824 483 973 537 probri
993 484 1135 524 ‘insons
1153 481 1309 537 sitisset
1328 480 1420 532 (καὶ
1441 475 1523 520 oii-

53 556 142 593 τως
159 564 217 573 --
235 537 447 596 ἥμαρτον)
477 539 648 581 duobus
664 553 756 581 VSS.
776 539 1094 595 parentheticis
1117 539 1186 580 13.
1208 536 1279 579 14.
1300 534 1352 579 Ρ.
1383 534 1524 577 stabi-

51 598 126 642 lit.
181 593 298 640 Nam
327 596 516 652 primum
535 593 711 651 quidem
741 609 922 636 omnes
953 595 1139 636 homines
1167 592 1303 650 quod
1326 605 1523 646 pecca-

54 655 267 698 vissent
292 651 437 707 perire
458 651 716 706 potuisse
745 663 799 692 ex
827 664 878 692 eo
905 652 1002 693 vult
1027 649 1245 706 intelligi,
1283 646 1403 705 quod
1427 646 1524 706 jam

53 713 156 753 ante
183 708 324 763 legem
350 720 376 749 a
395 706 522 749 Mose
548 707 683 751 latam
714 711 895 765 peccata
921 707 1156 748 commissa
1189 707 1340 748 essent
1366 707 1429 760 (v.
1452 704 1524 748 13.

54 762 158 824 ἄχρι
192 763 277 821 γὰρ
314 761 454 817 νόμου
490 758 686 820 ἁμαρτία
726 759 778 820 ἦν
806 762 852 806 ἐν
878 763 1067 820 κόσμῳ).
1123 762 1298 805 Deinde
1329 775 1384 803 ne
1409 760 1525 804 male

51 821 179 866 Deus
197 820 397 864 homines
420 819 539 877 quod
559 824 818 879 peccassent
846 824 949 862 ante
975 820 1109 876 leyem
1134 820 1353 861 conditam
1382 820 1525 860 morte

51 878 335 922 mulctavisse
358 877 656 937 judicaretur,
687 878 906 933 sapienter
934 875 981 918 id
1001 877 1146 918 Deum
1168 876 1358 928 fecisse,
1389 888 1526 931 quum

50 934 278 982 Adamum
308 935 480 979 Christi
507 935 740 991 imaginem
767 935 821 990 (i.
839 947 879 978 e.
909 933 1111 976 omnibus
1132 931 1380 974 hominihus
1407 944 1525 974 mor-

53 993 114 1036 tis
130 993 373 1048 auctorem)
401 1006 500 1035 esse
516 993 735 1035 voluisset
762 994 824 1048 (v.
849 990 918 1036 14.
950 991 1000 1040 ὃς
1015 987 1113 1033 ἐστι
1138 987 1279 1039 τύπος
1307 988 1385 1031 τοῦ
1410 987 1526 1042 μέλ-

53 1049 230 1105 ammoy)
259 1048 465 1093 observat
492 1050 571 1106 (cf.
604 1050 755 1103 infra).
825 1047 1044 1104 Quocirca
1085 1061 1215 1105 quam
1253 1060 1342 1089 non
1381 1045 1526 1086 solum

52 1104 427 1164 simplicissimam
463 1121 614 1149 verum
652 1107 784 1149 etiam
808 1106 981 1148 unicam
1007 1104 1140 1164 hujus
1167 1104 1200 1148 l.
1232 1106 1353 1146 recte
1391 1115 1527 1159 expe-

50 1161 203 1206 diendi
221 1163 438 1206 rationem
460 1178 560 1207 esse
588 1163 715 1207 video
745 1163 998 1220 amplexus,
1029 1161 1217 1204 Paulum
1248 1162 1430 1203 exarato
1457 1172 1528 1203 vs.

51 1220 126 1264 14.
154 1219 363 1278 apodosis
391 1221 860 1278 oblivionemlcepisse
889 1234 1070 1273 censeo,
1116 1232 1250 1275 quum
1278 1221 1325 1260 et
1347 1216 1527 1270 longior

51 1277 335 1335 parenthesis
364 1292 429 1321 vs.
453 1277 522 1322 13.
546 1278 641 1331 14„
678 1283 728 1320 ut
750 1291 792 1322 v.
811 1291 853 1320 v.
877 1278 947 1321 12.
977 1277 1051 1318 καὶ
1079 1276 1219 1326 οὕτως
1242 1299 1299 1307 -
1325 1269 1526 1329 ἥμαρτον

53 1338 279 1388 tueretur,
314 1334 581 1392 interposita
609 1339 655 1377 et
683 1336 788 1376 haec
821 1331 964 1376 Paulo
992 1333 1156 1392 injecta
1181 1331 1394 1388 cogitatio
1424 1343 1528 1371 non

52 1403 353 1447 conyruere
377 1396 543 1435 tantu
555 1406 598 1434 m
626 1392 743 1434 inter
759 1405 805 1433 se
825 1391 1120 1444 severitatem,
1150 1403 1277 1445 quam
1295 1388 1418 1430 Deus
1445 1398 1527 1440 per

53 1446 274 1489 Adamum
294 1449 605 1503 expromserit,
635 1453 679 1490 et
712 1448 1016 1502 beniyniiatem
1040 1461 1119 1502 per
1139 1445 1358 1490 Christum
1386 1441 1527 1484 mani-

50 1501 286 1561 festatam,
329 1505 406 1546 sed
441 1505 576 1546 etiam
613 1504 925 1560 quadamtenus
964 1504 1080 1546 inter
1114 1517 1160 1545 se
1194 1501 1526 1553 discrepare

51 1563 115 1616 (v.
139 1557 383 1615 15.—17.)
409 1560 505 1618 Ap.
532 1560 724 1602 animum
756 1559 811 1600 ah
841 1573 864 1599 a
900 1557 1027 1600 adosi
1055 1559 1311 1601 avertisset.
1380 1554 1528 1609 Quam

53 1615 317 1660 sententiam
346 1621 398 1659 ut
434 1617 791 1675 interpunctione
820 1573 1062 1658 indicarem
1092 1629 1134 1660 v.
1154 1616 1223 1658 12.
1252 1615 1356 1670 post
1385 1611 1530 1670 ἥμαρ-

50 1688 128 1716 τον
147 1674 364 1728 virgulam
381 1674 596 1717 collocavi
615 1678 660 1716 et
678 1677 781 1732 post
831 1672 1089 1715 arenthesin
1105 1687 1172 1716 vs,
1189 1670 1259 1715 13.
1271 1669 1343 1713 14.
1363 1669 1529 1712 lineam

52 1731 264 1788 apposui:
292 1755 350 1762 —
375 1729 650 1786 μέλλοντος.)
679 1755 732 1762 -
815 1730 906 1774 Vin.
936 1744 1004 1785 gr.
1037 1745 1083 1787 p.
1103 1729 1208 1773 443.
1238 1725 1454 1784 apodosin
1480 1726 1530 1766 in

51 1800 92 1829 v.
112 1801 153 1832 v.
166 1786 236 1832 15.
251 1787 408 1844 πολλῷ
426 1787 596 1840 μᾶλλον
614 1813 670 1820 -
689 1785 978 1845 ἕπερίσσευσε
997 1787 1137 1829 latere
1157 1784 1379 1844 perhibet.
1409 1782 1528 1826 Nam

51 1841 242 1887 Paulum
263 1859 396 1902 quum
418 1845 545 1902 plura
568 1859 617 1886 ac
637 1845 803 1904 majora
826 1858 938 1901 quae
958 1844 1095 1885 saluti
1116 1846 1268 1886 essent
1299 1855 1325 1882 a
1346 1841 1529 1884 Christo

50 1901 248 1959 profecta
268 1915 398 1958 quam
419 1902 474 1943 ab
492 1900 670 1944 Adamo
689 1901 941 1958 perniciosa
962 1901 1131 1942 invecta
1151 1913 1251 1941 esse
1278 1912 1426 1940 secum
1456 1911 1528 1939 re·-

52 1962 276 2015 putasset‚
321 1958 471 1999 subito
507 1957 724 2000 orationis
757 1957 1042 1999 conversione
1069 1958 1188 1999 facta
1216 1958 1280 2013 (v.
1305 1953 1375 1997 15.
1407 1950 1525 1998 Ἀλλ’

55 2011 134 2067 οὐχ
161 2009 218 2064 ὡς
245 2012 297 2056 τὸ
331 2012 622 2071 παράπτωμα
651 2013 766 2056 οὕτω
797 2015 873 2063 καὶ
897 2011 949 2055 τὸ
977 2009 1210 2069 χάρισμα.)
1240 2011 1528 2068 rrepetitaque

52 2069 248 2128 protasis
279 2071 496 2113 sententis
532 2073 594 2126 (V.
624 2071 695 2115 15.
736 2068 777 2113 εἰ
802 2068 886 2127 γὰρ
925 2095 983 2102 -
1022 2068 1273 2125 ἀπέθανον)
1301 2070 1364 2111 ita
1397 2073 1447 2110 ut
1477 2081 1527 2109 se

53 2129 153 2186 ipse
171 2127 416 2182 corrigeret
442 2127 620 2184 (πολλῷ
643 2127 812 2181 μᾶλλον
829 2141 871 2171 v.
892 2126 986 2183 15.)
1018 2127 1232 2185 apodosin
1249 2125 1319 2168 his
1350 2130 1527 2182 postre-

54 2199 124 2227 mo
142 2198 183 2228 v.
207 2185 484 2228 enuntiasse:
511 2184 666 2241 πολλῷ
692 2184 861 2237 μᾶλλον
889 2209 945 2218 ---
975 2182 1277 2239 ἐπερίσσευσε.
1308 2182 1397 2225 sibi
1424 2195 1525 2239 per-

54 2241 216 2285 suasit.
272 2240 319 2284 N
321 2256 376 2284 on
394 2240 627 2284 incidisset
647 2240 760 2283 Viro
779 2241 840 2286 D.
861 2241 968 2283 haec
987 2241 1229 2283 artificiosa
1255 2243 1303 2282 et
1325 2243 1528 2282 contorta

54 2298 308 2341 anacoluthi
337 2313 389 2341 ex
425 2298 602 2351 licatio,
647 2299 688 2341 si
720 2297 805 2340 duo
836 2297 1187 2342 considerasset:
1234 2311 1391 2351 unum,
1438 2310 1526 2338 non

55 2354 204 2397 subito
226 2353 280 2399 P.
301 2313 542 2413 quidJinter
559 2353 611 2397 τὸ
633 2352 922 2412 παράπτωμα
941 2359 985 2397 et
1003 2351 1054 2397 τὸ
1070 2353 1266 2411 χάρισμα
1286 2355 1527 2396 interesset

22 2429 28 2434 “
55 2411 306 2465 addidisse,
345 2412 422 2456 sed
448 2412 639 2468 cogitate
673 2416 718 2455 et
748 2410 802 2453 de
829 2411 1073 2466 industria,
1109 2412 1156 2455 id
1186 2410 1303 2468 quod
1326 2425 1368 2455 v.
1388 2426 1430 2455 v.
1452 2412 1522 2454 16.

55 2470 132 2511 καὶ
162 2465 238 2521 οὐχ
268 2467 325 2518 ὡς
357 2470 395 2513 ὁ.
418 2467 455 2514 ἓ.
487 2468 531 2512 ἆ.
558 2468 610 2512 τὸ
639 2465 824 2525 δώρημα
855 2469 1114 2521 ostendunt,
1163 2482 1276 2524 quae
1308 2467 1364 2510 ad
1392 2482 1434 2511 v.
1453 2467 1524 2510 15.

56 2523 150 2569 ἀλλ’
182 2522 259 2579 οὐχ
287 2521 346 2576 ὡς
372 2542 410 2568 τ.
444 2541 493 2570 π.
525 2526 641 2569 οὕτω
669 2542 707 2568 κ.
724 2542 760 2568 τ.
779 2541 818 2578 χ.
845 2527 1123 2570 referuntur:
1150 2526 1363 2579 alterum,
1390 2538 1525 2568 versu

57 2581 127 2626 15.
152 2586 196 2624 et
222 2584 418 2640 protasis
443 2598 485 2628 V.
505 2584 574 2627 12.
606 2583 868 2626 sententiam
900 2584 1105 2626 iteratam
1134 2597 1232 2624 esse
1268 2580 1332 2638 (εἰ
1358 2580 1440 2638 γὰρ
1468 2608 1523 2614 —-

57 2636 306 2694 ἀπέθανον)
353 2645 398 2683 et
436 2640 482 2682 in
516 2639 699 2698 apadosi
733 2640 911 2694 (πολλῷ
936 2640 1103 2692 μᾶλλον
1129 2664 1184 2672 —
1213 2637 1523 2696 ἐπερίσσευσε)

57 2709 174 2740 voce.
194 2697 348 2753 πολλῷ
366 2697 535 2751 μᾶλλον
552 2704 637 2739 non
659 2696 791 2738 aliam
814 2695 868 2736 ob
884 2710 977 2737 rem
1005 2696 1172 2755 adjecta
1203 2711 1327 2750 esse,
1354 2695 1444 2738 nisi
1470 2700 1522 2736 ut

59 2753 194 2796 aliam
212 2768 313 2795 esse
330 2759 410 2796 τοῦ
433 2751 704 2809 χαρίσματος
731 2766 858 2807 quam
886 2753 967 2795 τοῦ
995 2749 1357 2807 παραπτώματος
1383 2753 1521 2795 ratio-

59 2820 156 2871 nem
176 2814 409 2870 appareret
427 2811 472 2857 h.
487 2824 527 2857 e.
547 2815 597 2853 ut
617 2823 658 2858 v.
675 2809 800 2858 v.15.
830 2805 924 2862 οὐχ
954 2805 1021 2860 ὡς
1046 2810 1097 2854 τὸ
1118 2825 1226 2870 παρ.
1246 2811 1362 2855 οὕτω
1379 2827 1418 2857 κ.
1431 2824 1518 2862 τ.χ.
