1752 3347
159 168 247 212 218
446 161 825 209 EPISTOLA
858 161 961 204 AD
992 161 1359 208 ROMANOS

162 275 317 317 tarunt
336 270 704 329 interpolatores,
734 281 846 367 qlpae
866 266 924 308 iis
946 268 1060 309 male
1080 266 1235 310 deesse
1254 267 1350 311 visa
1378 269 1514 312 fuerit
1543 285 1641 314 sen-

163 330 348 373 tentiam
369 329 482 371 satis
503 326 736 385 perspicue
788 339 835 367 oc
857 323 1183 379 adsignificari,
1212 323 1333 381 quod
1362 339 1404 369 v.
1434 327 1644 383 primaria

164 382 191 442 ἡ
216 382 368 436 πίστις
388 383 523 427 αὐτοῦ
553 383 706 426 statim
732 386 836 441 post
866 381 1091 437 λογίζεται
1112 383 1255 424 locata
1275 387 1392 435 sunt,
1422 387 1472 425 ut
1494 397 1517 424 a
1542 398 1642 440 pro-

163 441 397 485 nuntiante
426 447 500 484 tan
535 455 637 490 uam
665 455 707 484 v.
767 439 976 496 raecipua
1006 452 1109 482 voce
1139 453 1333 496 sonoque
1362 445 1645 485 acuerentur:

163 515 189 541 τ
207 500 226 509 ”
249 499 298 542 δὲ
323 496 383 554 μὴ
415 455 692 554 ἐργοῗςομένῳ
723 454 900 555 ῙΡὶάεε,
939 510 1069 553 quam
1095 496 1294 540 habuerit
1313 497 1554 554 imputatur
1574 522 1645 542 —.

161 516 289 599 tiano
317 570 420 598 vero
448 554 596 598 Deum
624 553 917 597 benevolentia
947 552 1148 606 ductum,
1188 568 1274 594 non
1308 554 1412 613 jure
1448 555 1645 596 coactum

162 612 372 671 praemiis
402 626 588 665 ornare,
630 625 684 653 ex
713 625 764 654 eo
797 609 942 667 quivis
973 616 1131 668 sponte
1165 609 1414 666 intelligat,
1455 610 1574 668 quod
1593 609 1647 655 P.

162 669 295 714 fidem
330 671 393 725 τῷ
430 669 490 726 μὴ
530 666 807 725 ἐργαζομένῳ
837 667 882 712 h.
909 682 950 713 e.
984 668 1026 710 ei
1055 667 1238 720 tribuit,
1279 669 1355 724 qui
1394 670 1488 710 suis
1529 672 1647 710 recte

162 727 294 770 factis
316 727 482 769 mellum
512 726 601 768 sibi
619 730 670 768 ut
691 725 986 768 mercenarius
1005 725 1246 783 praemium
1275 731 1459 781 quaerat
1489 729 1552 781 (v.
1579 726 1648 770 16.

163 786 245 836 11,
265 784 347 838 6.).
406 781 580 826 Idcirco
601 787 747 825 autem
770 779 824 826 P.
844 796 885 826 v.
908 783 953 826 4.
975 788 1019 825 et
1041 782 1083 826 5.
1111 780 1299 842 adjecit,
1329 788 1378 825 ut
1397 783 1586 825 Genesis
1607 797 1648 826 v.

163 857 205 885 v.
226 841 270 884 3.
303 845 546 898 exponeret
575 853 714 896 eaque
736 839 1043 882 Abrahamum
1074 854 1154 881 mm
1183 844 1365 894 propter
1395 840 1496 881 bene
1522 839 1650 895 facta

165 899 266 941 Deo
330 897 532 940 robatum
562 911 662 939 esse
689 895 916 939 declarare
947 895 1215 939 ostenderet.
1272 896 1474 948 ,‚1⁴'idem‚
1506 895 1650 952 inquit

163 954 245 1009 P.‚
285 975 302 998 ι
336 954 545 997 brahamo
574 954 634 996 ita
668 953 926 1012 imputatam
960 968 1085 1005 esse,
1130 958 1178 994 ut
1210 952 1253 992 in
1285 952 1535 994 rationibus
1569 966 1650 1010 pro

163 1011 251 1056 fide
272 1012 424 1054 hahita
446 1012 676 1067 intem-itas
696 1016 928 1053 notaretur
953 1011 998 1051 in
1029 1009 1159 1052 libris
1189 1023 1226 1052 s,
1257 1009 1552 1067 perscriptum
1581 1014 1651 1051 est

163 1073 227 1127 (v.
251 1069 333 1123 3.).
394 1067 462 1111 Iis
483 1074 655 1120 autem,
687 1068 764 1125 qui
779 1068 930 1122 pulcre
956 1066 1092 1123 factis
1116 1066 1204 1109 Dei
1230 1066 1422 1108 favorem
1452 1081 1650 1108 mercan-

163 1133 239 1170 tur
258 1127 477 1168 insumtae
510 1139 671 1183 operae
701 1139 868 1166 merces
896 1138 982 1165 non
1003 1129 1187 1180 propter
1208 1122 1558 1165 benevolentiam
1578 1137 1650 1164 ra-

165 1184 362 1228 tionibus
385 1183 542 1225 inferri
561 1183 701 1235 solet,
733 1180 810 1223 sed
830 1181 1034 1237 quoniam
1056 1179 1238 1236 aliquod
1260 1180 1316 1222 iis
1336 1179 1532 1223 debitum
1559 1181 1650 1222 sol-

165 1240 350 1284 vendum
382 1247 451 1282 est
478 1244 540 1295 (v.
565 1240 658 1293 4.)‚
689 1238 746 1280 iis
777 1242 954 1291 contra,
995 1239 1070 1293 qni
1098 1238 1206 1280 bene
1236 1238 1367 1280 factis
1390 1238 1480 1280 Dei
1500 1237 1650 1280 amici-

163 1299 272 1341 tiam
303 1297 492 1340 mercari
521 1297 699 1348 nolunt,
741 1295 820 1337 sed
848 1295 890 1336 ei
916 1295 1065 1352 potius
1103 1294 1232 1337 sidem
1263 1294 1534 1354 adjungunt,
1575 1295 1649 1351 qui

164 1355 364 1399 homines
394 1355 544 1408 impios
572 1353 639 1408 (h.
664 1367 703 1396 e.
735 1352 989 1410 improbos3
1029 1353 1084 1395 cf.
1109 1366 1242 1409 supra
1264 1367 1308 1410 p.
1328 1355 1422 1408 56.)
1453 1354 1652 1396 insontes

164 1412 363 1455 declarat
380 1410 550 1468 (Deo),
580 1408 731 1465 fides
762 1425 891 1467 ιμιιιιη
910 1409 1139 1452 habuerint
1168 1410 1302 1465 (hanc
1324 1425 1454 1465 vero,
1488 1410 1652 1467 quippe

163 1471 259 1518 τοῖς
287 1466 738 1525 S'Qymg‘oppositam,
788 1467 955 1509 nullam
994 1466 1234 1509 mercedem
1279 1469 1429 1510 venari
1465 1482 1519 1509 ex
1550 1473 1651 1508 ante

164 1526 295 1568 dictis
319 1539 443 1567 nemo
468 1539 554 1566 non
574 1524 853 1580 assequitur)
873 1524 1148 1577 integritatis
1174 1525 1347 1566 nomine
1377 1526 1421 1566 in
1452 1524 1652 1565 rationes

164 1583 327 1626 referri
346 1582 504 1624 solet.”
561 1580 649 1622 His
670 1580 799 1622 lectis
823 1580 969 1636 quivis
991 1581 1204 1622 rationem
1234 1580 1494 1623 concludere
1527 1586 1649 1638 pote-

165 1643 258 1683 rat:
290 1640 438 1695 itaque
460 1637 774 1689 Abrahamus,
803 1638 871 1679 cui
889 1637 998 1690 fides
1027 1635 1091 1686 εἷς
1122 1638 1407 1692 δικαιοσύνην
1437 1638 1651 1695 imputata

164 1696 304 1740 fuerit
329 1698 391 1751 (v.
419 1695 508 1750 3.),
558 1694 602 1735 in
637 1695 723 1735 τῶν
755 1691 1057 1749 ἐργαζομένων
1095 1709 1274 1736 numero
1306 1694 1534 1737 habendus
1566 1709 1650 1736 non

167 1757 263 1806 est,
295 1753 372 1810 qui
403 1756 451 1794 ut
476 1752 628 1809 pulcre
657 1751 786 1792 sactis
807 1751 896 1793 Dei
927 1751 1121 1793 favorem
1156 1752 1242 1794 sibi
1271 1757 1524 1809 comparent
1552 1767 1652 1793 con-

167 1809 372 1858 tendunt.
431 1809 637 1852 Ceterum
673 1807 870 1851 Tleolucc.
900 1807 980 1850 hos
1018 1822 1083 1852 VS.
1123 1823 1177 1850 ne
1205 1825 1228 1851 e
1275 1810 1519 1865 longinquo
1551 1808 1653 1865 qni-

167 1867 266 1910 dem
295 1870 565 1922 assequutus
595 1879 690 1907 eam
720 1864 776 1906 iis
807 1866 1069 1906 sententiam
1110 1865 1324 1925 subjecit,
1367 1882 1478 1923 quae
1507 1866 1577 1908 his
1612 1880 1652 1909 v·

167 1932 438 1978 enuntianda
469 1934 652 1977 fuisset:
701 1931 761 1974 οὗ
792 1924 1031 1988 λογίζεται
1067 1934 1139 1983 δὲ,
1182 1932 1205 1976 ὅ
1249 1932 1342 1976 ἔστι
1379 1932 1587 1991 χάριτος,
1631 1932 1654 1974 ὁ

166 1990 338 2045 μισθὸς
366 1993 428 2047 τῷ
456 1988 755 2047 ἐργαζομένῳ,
804 1988 915 2031 κατὰ
943 1986 1169 2046 ὀφείλημα
1210 1987 1341 2032 αι’ντὸν
1372 1991 1654 2043 λαμβάνοντι,

168 2046 465 2104 λογίζεται
497 2047 553 2090 δὲ
582 2048 644 2104 τῷ
665 2045 727 2102 μή
749 2044 1050 2102 ἐργαζομένῳ,
1084 2044 1337 2090 πιστεύοντι
1366 2049 1414 2090 δὲ
1444 2046 1478 2090 ἑ.
1498 2064 1533 2090 τ.
1557 2048 1595 2089 ὁ.
1614 2064 1653 2089 τ.

170 2103 311 2160 ἀσεβῆ
340 2101 363 2161 ᾗ
396 2103 548 2154 ’,τίσεις
578 2119 620 2146 α.
651 2102 716 2154 εἰς
748 2105 846 2146 δικ..
905 2103 966 2147 V.
988 2104 1153 2148 6.-8.
1197 2104 1382 2149 ‚Nexusz
1424 2104 1555 2160 Quod
1577 2104 1655 2146 ho-

171 2161 364 2204 minibus
394 2160 523 2203 fidem
551 2161 818 2203 habentibus
840 2159 971 2214 fidem
1000 2161 1276 2204 innocentiae
1306 2162 1480 2205 nomine
1512 2163 1554 2203 in
1582 2176 1655 2204 ra-

171 2219 317 2261 tiones
339 2219 526 2274 henigne
553 2219 712 2260 referri
734 2217 938 2260 contendi
971 2223 1032 2274 (V.
1053 2219 1139 2274 5.),
1170 2219 1215 2261 id
1232 2219 1422 2261 Davidis
1454 2219 1656 2262 testimo-

172 2276 245 2318 nio
277 2276 454 2318 firmare
486 2277 616 2328 licet,
655 2277 730 2332 qui
761 2290 894 2332 quum
926 2276 970 2317 in
991 2277 1206 2324 carmine,
1239 2276 1354 2332 quod
1377 2276 1574 2319 condidit
1593 2281 1656 2332 (v.

174 2332 252 2376 Ps.
273 2334 352 2387 32,
376 2335 437 2388 l.)
459 2348 535 2376 eos
560 2333 711 2375 beatos
734 2332 985 2390 praedicet,
1016 2333 1176 2390 quibus
1198 2334 1323 2375 Deus
1357 2335 1656 2388 iutegritatem

174 2390 236 2431 ita
271 2391 316 2432 in
342 2391 587 2433 rationibus
618 2389 833 2438 vindicet,
875 2396 923 2432 ut
952 2406 1048 2432 eum
1070 2391 1218 2448 pulcre
1242 2392 1352 2433 sacta
1375 2392 1485 2434 nihil
1514 2406 1658 2433 move-

176 2447 290 2499 rint,
320 2450 373 2504 τῇ
395 2446 443 2498 ἐξ
461 2446 601 2502 ἔργων
619 2447 879 2503 (immonem)
906 2447 1137 2505 repudiata
1166 2447 1245 2502 τὴν
1268 2449 1342 2489 διὰ
1362 2447 1557 2497 πίστεως
1585 2449 1659 2490 δι·-

177 2504 428 2560 καιοσύνιμκ,
458 2505 529 2547 illi
548 2505 810 2563 oppositam,
843 2505 969 2546 unice
988 2505 1269 2562 amplectitur
1290 2512 1351 2560 (v,
1373 2507 1455 2559 (3.).
1515 2505 1655 2561 Quam

177 2561 439 2603 senteutiam
471 2577 556 2604 non
588 2562 756 2604 diserte
786 2560 961 2618 quidem
999 2562 1231 2617 (μακάριοι
1264 2556 1321 2604 ὧν
1357 2558 1380 2619 ἡ
1410 2560 1563 2612 πίστις
1592 2558 1656 2610 εἷς

178 2616 464 2674 δικαιοσύνην
496 2618 734 2676 ἐλογίσθη·
775 2633 816 2662 v.
848 2619 1022 2673 (fler-ys.)
1054 2618 1251 2662 Davides
1281 2621 1549 2672 enuntiavit,
1579 2615 1655 2659 sed

179 2677 295 2716 tecte
323 2677 467 2717 tamen
490 2691 541 2718 eo
569 2675 880 2732 adsignificare
902 2675 954 2721 P.
984 2677 1107 2719 visus
1134 2685 1228 2727 est,
1265 2677 1382 2734 quod
1409 2679 1656 2719 fortunatos

180 2729 397 2783 dixisset,
420 2733 580 2788 quibus
598 2738 778 2789 peccata
798 2735 1039 2776 condonata
1060 2742 1208 2777 essent
1236 2739 1298 2790 (v,
1319 2736 1363 2779 ’1.
1384 2736 1465 2789 8.).
1526 2731 1656 2773 Scili-

179 2791 251 2829 cet
267 2793 543 2846 peccatorum
587 2805 735 2833 »cenae
757 2788 809 2834 P.
825 2790 975 2848 judice
1004 2794 1097 2841 τοῖς
1116 2790 1402 2834 πιστεύουσιν
1427 2789 1656 2832 remittun-

183 2850 282 2899 tur,
319 2844 480 2902 quibus
513 2805 680 2888 nullum
719 2849 779 2890 sit
805 2849 891 2891 nisi
923 2849 980 2892 ml
1008 2849 1094 2891 Dei
1124 2849 1427 2904 bentqmwarem
1454 2851 1656 2905 paratum
