<?xml version="1.0" encoding="UTF-8"?>
<!DOCTYPE html PUBLIC "-//W3C//DTD XHTML 1.0 Transitional//EN"
    "http://www.w3.org/TR/xhtml1/DTD/xhtml1-transitional.dtd">
<html xmlns="http://www.w3.org/1999/xhtml" xml:lang="en" lang="en">
 <head>
  <title>
</title>
<meta http-equiv="Content-Type" content="text/html;charset=utf-8" />
  <meta name='ocr-system' content='tesseract 3.04.00' />
  <meta name='ocr-capabilities' content='ocr_page ocr_carea ocr_par ocr_line ocrx_word'/>
</head>
<body>
  <div class='ocr_page' id='page_1' title='image "./pauliadromanosep01frituoft_0445.png"; bbox 0 0 1752 3347; ppageno 0'>
   <div class='ocr_carea' id='block_1_1' title="bbox 507 105 1489 170">
    <p class='ocr_par' dir='ltr' id='par_1_1' title="bbox 507 105 1489 170">
     <span class='ocr_line' id='line_1_1' title="bbox 507 105 1489 170; baseline 0.005 -18"><span class='ocrx_word' id='word_1_1' title='bbox 507 105 669 153; x_wconf 78' lang='lat' dir='ltr'><strong>cAP.</strong></span> <span class='ocrx_word' id='word_1_2' title='bbox 700 106 789 154; x_wconf 86' lang='lat' dir='ltr'><strong>v1.</strong></span> <span class='ocrx_word' id='word_1_3' title='bbox 832 107 927 155; x_wconf 70' lang='lat' dir='ltr'><strong>vs.</strong></span> <span class='ocrx_word' id='word_1_4' title='bbox 951 109 1013 155; x_wconf 79' lang='lat' dir='ltr'><strong>o..</strong></span> <span class='ocrx_word' id='word_1_5' title='bbox 1402 109 1489 170; x_wconf 59' lang='grc' dir='ltr'><strong>βπ</strong></span> 
     </span>
    </p>
   </div>
   <div class='ocr_carea' id='block_1_2' title="bbox 30 212 1512 2819">
    <p class='ocr_par' dir='ltr' id='par_1_2' title="bbox 205 212 1489 272">
     <span class='ocr_line' id='line_1_2' title="bbox 205 212 1489 272; baseline 0.001 -16"><span class='ocrx_word' id='word_1_6' title='bbox 205 213 469 272; x_wconf 77' lang='lat' dir='ltr'><strong>exstirpari,</strong></span> <span class='ocrx_word' id='word_1_7' title='bbox 496 213 624 268; x_wconf 84' lang='lat' dir='ltr'><strong>haec,</strong></span> <span class='ocrx_word' id='word_1_8' title='bbox 652 214 856 271; x_wconf 82' lang='lat' dir='ltr'><strong>inquam,</strong></span> <span class='ocrx_word' id='word_1_9' title='bbox 885 213 1095 270; x_wconf 77' lang='lat' dir='ltr'>cogitatio</span> <span class='ocrx_word' id='word_1_10' title='bbox 1122 226 1207 256; x_wconf 89' lang='lat' dir='ltr'><strong>non</strong></span> <span class='ocrx_word' id='word_1_11' title='bbox 1227 213 1371 257; x_wconf 83' lang='lat' dir='ltr'><strong>minus</strong></span> <span class='ocrx_word' id='word_1_12' title='bbox 1390 227 1416 256; x_wconf 74' lang='lat' dir='ltr'><strong>a</strong></span> <span class='ocrx_word' id='word_1_13' title='bbox 1433 212 1489 260; x_wconf 86' lang='lat' dir='ltr'><strong>P.</strong></span> 
     </span>
    </p>

    <p class='ocr_par' dir='ltr' id='par_1_3' title="bbox 207 270 1491 330">
     <span class='ocr_line' id='line_1_3' title="bbox 207 270 1491 330; baseline 0.002 -18"><span class='ocrx_word' id='word_1_14' title='bbox 207 270 326 312; x_wconf 81' lang='lat' dir='ltr'><strong>tione</strong></span> <span class='ocrx_word' id='word_1_15' title='bbox 350 270 558 314; x_wconf 81' lang='lat' dir='ltr'><strong>abhorret</strong></span> <span class='ocrx_word' id='word_1_16' title='bbox 585 286 768 329; x_wconf 85' lang='lat' dir='ltr'><strong>eamque</strong></span> <span class='ocrx_word' id='word_1_17' title='bbox 795 272 888 330; x_wconf 87' lang='lat' dir='ltr'><strong>Ap.</strong></span> <span class='ocrx_word' id='word_1_18' title='bbox 927 271 1075 314; x_wconf 81' lang='lat' dir='ltr'><strong>verbis</strong></span> <span class='ocrx_word' id='word_1_19' title='bbox 1110 271 1295 313; x_wconf 78' lang='lat' dir='ltr'><strong>subesse</strong></span> <span class='ocrx_word' id='word_1_20' title='bbox 1325 275 1491 314; x_wconf 86' lang='lat' dir='ltr'><strong>temere</strong></span> 
     </span>
    </p>

    <p class='ocr_par' dir='ltr' id='par_1_4' title="bbox 202 327 1492 442">
     <span class='ocr_line' id='line_1_4' title="bbox 204 327 1491 386; baseline 0.002 -17"><span class='ocrx_word' id='word_1_21' title='bbox 204 327 267 369; x_wconf 88' lang='lat' dir='ltr'><strong>ris</strong></span> <span class='ocrx_word' id='word_1_22' title='bbox 286 327 354 369; x_wconf 82' lang='lat' dir='ltr'><strong>vel</strong></span> <span class='ocrx_word' id='word_1_23' title='bbox 374 333 606 386; x_wconf 79' lang='lat' dir='ltr'><strong>propterea</strong></span> <span class='ocrx_word' id='word_1_24' title='bbox 621 361 633 381; x_wconf 90' lang='lat'>,</span> <span class='ocrx_word' id='word_1_25' title='bbox 662 329 777 385; x_wconf 82' lang='lat' dir='ltr'><strong>quod</strong></span> <span class='ocrx_word' id='word_1_26' title='bbox 799 329 852 371; x_wconf 87' lang='lat' dir='ltr'><strong>de</strong></span> <span class='ocrx_word' id='word_1_27' title='bbox 868 343 917 371; x_wconf 86' lang='lat' dir='ltr'><strong>re</strong></span> <span class='ocrx_word' id='word_1_28' title='bbox 942 329 986 372; x_wconf 89' lang='lat' dir='ltr'><strong>h.</strong></span> <span class='ocrx_word' id='word_1_29' title='bbox 1009 329 1041 373; x_wconf 89' lang='lat' dir='ltr'><strong>l.</strong></span> <span class='ocrx_word' id='word_1_30' title='bbox 1060 329 1209 383; x_wconf 80' lang='lat' dir='ltr'><strong>agitur</strong></span> <span class='ocrx_word' id='word_1_31' title='bbox 1229 333 1330 370; x_wconf 79' lang='lat' dir='ltr'><strong>ante</strong></span> <span class='ocrx_word' id='word_1_32' title='bbox 1349 343 1491 371; x_wconf 77' lang='lat' dir='ltr'><strong>snsce-</strong></span> 
     </span>
     <span class='ocr_line' id='line_1_5' title="bbox 202 383 1492 442; baseline 0.001 -16"><span class='ocrx_word' id='word_1_33' title='bbox 202 383 434 438; x_wconf 73' lang='lat' dir='ltr'><strong>aptismum</strong></span> <span class='ocrx_word' id='word_1_34' title='bbox 473 389 612 426; x_wconf 73' lang='lat' dir='ltr'><strong>mente</strong></span> <span class='ocrx_word' id='word_1_35' title='bbox 635 390 818 440; x_wconf 68' lang='lat' dir='ltr'><strong>peracta</strong></span> <span class='ocrx_word' id='word_1_36' title='bbox 855 385 1072 442; x_wconf 80' lang='lat' dir='ltr'><strong>paucique</strong></span> <span class='ocrx_word' id='word_1_37' title='bbox 1110 385 1273 426; x_wconf 86' lang='lat' dir='ltr'><strong>inventi</strong></span> <span class='ocrx_word' id='word_1_38' title='bbox 1312 386 1492 437; x_wconf 84' lang='lat' dir='ltr'><strong>fuerint,</strong></span> 
     </span>
    </p>

    <p class='ocr_par' dir='ltr' id='par_1_5' title="bbox 195 439 1493 497">
     <span class='ocr_line' id='line_1_6' title="bbox 195 439 1493 497; baseline 0.003 -17"><span class='ocrx_word' id='word_1_39' title='bbox 195 453 203 480; x_wconf 86' lang='grc' dir='ltr'>ι</span> <span class='ocrx_word' id='word_1_40' title='bbox 231 452 381 480; x_wconf 81' lang='lat' dir='ltr'><strong>secum.</strong></span> <span class='ocrx_word' id='word_1_41' title='bbox 402 439 490 496; x_wconf 88' lang='lat' dir='ltr'><strong>ipsi</strong></span> <span class='ocrx_word' id='word_1_42' title='bbox 518 439 744 482; x_wconf 80' lang='lat' dir='ltr'>discordes</span> <span class='ocrx_word' id='word_1_43' title='bbox 774 442 1035 497; x_wconf 83' lang='lat' dir='ltr'><strong>baptismum</strong></span> <span class='ocrx_word' id='word_1_44' title='bbox 1074 442 1299 496; x_wconf 78' lang='lat' dir='ltr'>suscipere</span> <span class='ocrx_word' id='word_1_45' title='bbox 1329 441 1493 484; x_wconf 88' lang='lat' dir='ltr'><strong>idcirco</strong></span> 
     </span>
    </p>

    <p class='ocr_par' dir='ltr' id='par_1_6' title="bbox 195 494 1493 554">
     <span class='ocr_line' id='line_1_7' title="bbox 195 494 1493 554; baseline 0.002 -18"><span class='ocrx_word' id='word_1_46' title='bbox 195 497 302 547; x_wconf 70' lang='lat' dir='ltr'><strong>¹ent,</strong></span> <span class='ocrx_word' id='word_1_47' title='bbox 330 494 447 550; x_wconf 87' lang='lat' dir='ltr'><strong>quod</strong></span> <span class='ocrx_word' id='word_1_48' title='bbox 466 510 625 552; x_wconf 82' lang='lat' dir='ltr'><strong>pravas</strong></span> <span class='ocrx_word' id='word_1_49' title='bbox 647 496 914 554; x_wconf 80' lang='lat' dir='ltr'><strong>cupiditates</strong></span> <span class='ocrx_word' id='word_1_50' title='bbox 933 502 1141 552; x_wconf 85' lang='lat' dir='ltr'><strong>tanquam</strong></span> <span class='ocrx_word' id='word_1_51' title='bbox 1160 497 1364 538; x_wconf 81' lang='lat' dir='ltr'><strong>funerare</strong></span> <span class='ocrx_word' id='word_1_52' title='bbox 1385 498 1427 539; x_wconf 85' lang='lat' dir='ltr'><strong>h.</strong></span> <span class='ocrx_word' id='word_1_53' title='bbox 1451 512 1493 542; x_wconf 91' lang='lat' dir='ltr'><strong>e.</strong></span> 
     </span>
    </p>

    <p class='ocr_par' dir='ltr' id='par_1_7' title="bbox 191 549 1496 665">
     <span class='ocr_line' id='line_1_8' title="bbox 192 549 1494 609; baseline 0.005 -17"><span class='ocrx_word' id='word_1_54' title='bbox 192 563 243 593; x_wconf 90' lang='lat' dir='ltr'><strong>no</strong></span> <span class='ocrx_word' id='word_1_55' title='bbox 261 549 421 609; x_wconf 87' lang='lat' dir='ltr'><strong>ejicere</strong></span> <span class='ocrx_word' id='word_1_56' title='bbox 442 551 707 595; x_wconf 75' lang='lat' dir='ltr'><strong>noluissent.</strong></span> <span class='ocrx_word' id='word_1_57' title='bbox 744 578 751 588; x_wconf 44' lang='grc' dir='ltr'>κ</span> <span class='ocrx_word' id='word_1_58' title='bbox 782 553 948 595; x_wconf 86' lang='lat' dir='ltr'><strong>Aliena</strong></span> <span class='ocrx_word' id='word_1_59' title='bbox 978 555 1082 594; x_wconf 81' lang='lat' dir='ltr'><strong>sunt</strong></span> <span class='ocrx_word' id='word_1_60' title='bbox 1102 551 1232 594; x_wconf 83' lang='lat' dir='ltr'><strong>etiam</strong></span> <span class='ocrx_word' id='word_1_61' title='bbox 1247 584 1258 603; x_wconf 89' lang='lat'>,</span> <span class='ocrx_word' id='word_1_62' title='bbox 1295 567 1406 608; x_wconf 80' lang='lat' dir='ltr'><strong>qnae</strong></span> <span class='ocrx_word' id='word_1_63' title='bbox 1424 552 1494 607; x_wconf 70' lang='lat' dir='ltr'><strong>P„</strong></span> 
     </span>
     <span class='ocr_line' id='line_1_9' title="bbox 191 603 1496 665; baseline 0.002 -16"><span class='ocrx_word' id='word_1_64' title='bbox 191 603 524 663; x_wconf 68' lang='grc' dir='ltr'><em>τυνεστᾰυρώθη</em></span> <span class='ocrx_word' id='word_1_65' title='bbox 545 606 735 662; x_wconf 83' lang='lat' dir='ltr'><strong>diceret,</strong></span> <span class='ocrx_word' id='word_1_66' title='bbox 770 614 1003 665; x_wconf 85' lang='lat' dir='ltr'><strong>sequutum</strong></span> <span class='ocrx_word' id='word_1_67' title='bbox 1032 623 1130 650; x_wconf 90' lang='lat' dir='ltr'><strong>esse</strong></span> <span class='ocrx_word' id='word_1_68' title='bbox 1152 608 1295 650; x_wconf 85' lang='lat' dir='ltr'><strong>credit</strong></span> <span class='ocrx_word' id='word_1_69' title='bbox 1322 609 1496 655; x_wconf 42' lang='lat' dir='ltr'><strong>WetstA</strong></span> 
     </span>
    </p>

    <p class='ocr_par' dir='ltr' id='par_1_8' title="bbox 209 662 1495 722">
     <span class='ocr_line' id='line_1_10' title="bbox 209 662 1495 722; baseline 0.005 -19"><span class='ocrx_word' id='word_1_70' title='bbox 209 675 292 719; x_wconf 83' lang='lat' dir='ltr'><strong>sup</strong></span> <span class='ocrx_word' id='word_1_71' title='bbox 325 662 474 704; x_wconf 88' lang='lat' dir='ltr'><strong>licium</strong></span> <span class='ocrx_word' id='word_1_72' title='bbox 508 678 759 716; x_wconf 76' lang='lat' dir='ltr'><strong>servorum3</strong></span> <span class='ocrx_word' id='word_1_73' title='bbox 820 667 894 708; x_wconf 72' lang='lat' dir='ltr'><strong>hle</strong></span> <span class='ocrx_word' id='word_1_74' title='bbox 931 679 1157 708; x_wconf 82' lang='lat' dir='ltr'><strong>servorum</strong></span> <span class='ocrx_word' id='word_1_75' title='bbox 1194 665 1398 722; x_wconf 80' lang='lat' dir='ltr'><strong>peccati”</strong></span> <span class='ocrx_word' id='word_1_76' title='bbox 1449 671 1495 710; x_wconf 88' lang='lat' dir='ltr'><strong>et</strong></span> 
     </span>
    </p>

    <p class='ocr_par' dir='ltr' id='par_1_9' title="bbox 215 676 1493 777">
     <span class='ocr_line' id='line_1_11' title="bbox 215 676 1493 777; baseline 0.005 -15"><span class='ocrx_word' id='word_1_77' title='bbox 215 732 228 744; x_wconf 90' lang='lat'><strong>·</strong></span> <span class='ocrx_word' id='word_1_78' title='bbox 255 676 442 772; x_wconf 57' lang='lat' dir='ltr'><strong>„gi-ucis</strong></span> <span class='ocrx_word' id='word_1_79' title='bbox 465 725 609 763; x_wconf 82' lang='lat' dir='ltr'><strong>autem</strong></span> <span class='ocrx_word' id='word_1_80' title='bbox 634 718 877 774; x_wconf 72' lang='grc' dir='ltr'><em>σκάνδαλον</em></span> <span class='ocrx_word' id='word_1_81' title='bbox 893 722 940 777; x_wconf 91' lang='grc'><strong>(1</strong></span> <span class='ocrx_word' id='word_1_82' title='bbox 961 722 1063 766; x_wconf 87' lang='lat' dir='ltr'><strong>Cor.</strong></span> <span class='ocrx_word' id='word_1_83' title='bbox 1086 723 1127 774; x_wconf 86' lang='lat' dir='ltr'><strong>l,</strong></span> <span class='ocrx_word' id='word_1_84' title='bbox 1145 721 1240 777; x_wconf 85' lang='lat'><strong>23.)</strong></span> <span class='ocrx_word' id='word_1_85' title='bbox 1262 720 1313 766; x_wconf 89' lang='grc' dir='ltr'><strong>Ρ.</strong></span> <span class='ocrx_word' id='word_1_86' title='bbox 1334 722 1389 763; x_wconf 84' lang='lat' dir='ltr'><strong>ab</strong></span> <span class='ocrx_word' id='word_1_87' title='bbox 1416 722 1493 768; x_wconf 86' lang='lat' dir='ltr'><strong>Je-</strong></span> 
     </span>
    </p>

    <p class='ocr_par' dir='ltr' id='par_1_10' title="bbox 194 774 1493 835">
     <span class='ocr_line' id='line_1_12' title="bbox 194 774 1493 835; baseline 0.005 -18"><span class='ocrx_word' id='word_1_88' title='bbox 194 776 337 833; x_wconf 57' lang='lat' dir='ltr'><strong>guovis</strong></span> <span class='ocrx_word' id='word_1_89' title='bbox 359 774 485 819; x_wconf 91' lang='lat' dir='ltr'><strong>modo</strong></span> <span class='ocrx_word' id='word_1_90' title='bbox 509 791 734 820; x_wconf 78' lang='lat' dir='ltr'><strong>removere</strong></span> <span class='ocrx_word' id='word_1_91' title='bbox 755 778 971 822; x_wconf 80' lang='lat' dir='ltr'><strong>studuit.&#39;’</strong></span> <span class='ocrx_word' id='word_1_92' title='bbox 1022 776 1094 820; x_wconf 69' lang='grc' dir='ltr'><strong>ἵνα</strong></span> <span class='ocrx_word' id='word_1_93' title='bbox 1116 779 1375 835; x_wconf 70' lang='grc' dir='ltr'><em>καταργηθῇ</em></span> <span class='ocrx_word' id='word_1_94' title='bbox 1393 795 1430 822; x_wconf 86' lang='grc' dir='ltr'><strong>τ.</strong></span> <span class='ocrx_word' id='word_1_95' title='bbox 1452 794 1493 824; x_wconf 92' lang='grc' dir='ltr'><strong>σ.</strong></span> 
     </span>
    </p>

    <p class='ocr_par' dir='ltr' id='par_1_11' title="bbox 168 831 1496 893">
     <span class='ocr_line' id='line_1_13' title="bbox 168 831 1496 893; baseline 0.004 -18"><span class='ocrx_word' id='word_1_96' title='bbox 168 884 173 888; x_wconf 11' lang='grc' dir='ltr'><strong><em>ἡ</em></strong></span> <span class='ocrx_word' id='word_1_97' title='bbox 227 831 351 875; x_wconf 84' lang='lat' dir='ltr'><strong>Haec</strong></span> <span class='ocrx_word' id='word_1_98' title='bbox 376 847 419 877; x_wconf 82' lang='lat' dir='ltr'><strong>v.</strong></span> <span class='ocrx_word' id='word_1_99' title='bbox 451 832 539 876; x_wconf 89' lang='lat' dir='ltr'><strong>dici</strong></span> <span class='ocrx_word' id='word_1_100' title='bbox 563 835 635 877; x_wconf 84' lang='lat' dir='ltr'><strong>vix</strong></span> <span class='ocrx_word' id='word_1_101' title='bbox 652 839 801 893; x_wconf 85' lang='lat' dir='ltr'><strong>potest</strong></span> <span class='ocrx_word' id='word_1_102' title='bbox 820 840 1088 892; x_wconf 80' lang='lat' dir='ltr'><strong>quantopere</strong></span> <span class='ocrx_word' id='word_1_103' title='bbox 1107 834 1374 892; x_wconf 82' lang='lat' dir='ltr'><strong>interpretes</strong></span> <span class='ocrx_word' id='word_1_104' title='bbox 1395 851 1496 893; x_wconf 89' lang='lat' dir='ltr'><strong>per-</strong></span> 
     </span>
    </p>

    <p class='ocr_par' dir='ltr' id='par_1_12' title="bbox 152 889 1498 950">
     <span class='ocr_line' id='line_1_14' title="bbox 152 889 1498 950; baseline 0.005 -20"><span class='ocrx_word' id='word_1_105' title='bbox 152 889 267 944; x_wconf 83' lang='lat' dir='ltr'><strong>rint,</strong></span> <span class='ocrx_word' id='word_1_106' title='bbox 313 902 445 946; x_wconf 87' lang='lat' dir='ltr'><strong>quum</strong></span> <span class='ocrx_word' id='word_1_107' title='bbox 471 891 513 933; x_wconf 88' lang='lat' dir='ltr'><strong>ei</strong></span> <span class='ocrx_word' id='word_1_108' title='bbox 541 892 652 934; x_wconf 84' lang='lat' dir='ltr'><strong>satis</strong></span> <span class='ocrx_word' id='word_1_109' title='bbox 683 892 915 950; x_wconf 81' lang='lat' dir='ltr'><strong>perspicua</strong></span> <span class='ocrx_word' id='word_1_110' title='bbox 934 891 1077 935; x_wconf 82' lang='lat' dir='ltr'><strong>videri</strong></span> <span class='ocrx_word' id='word_1_111' title='bbox 1096 890 1307 945; x_wconf 79' lang='lat' dir='ltr'><strong>debeant,</strong></span> <span class='ocrx_word' id='word_1_112' title='bbox 1346 894 1422 949; x_wconf 89' lang='lat' dir='ltr'><strong>qui</strong></span> <span class='ocrx_word' id='word_1_113' title='bbox 1452 899 1498 937; x_wconf 82' lang='lat' dir='ltr'><strong>et</strong></span> 
     </span>
    </p>

    <p class='ocr_par' dir='ltr' id='par_1_13' title="bbox 147 944 1498 1006">
     <span class='ocr_line' id='line_1_15' title="bbox 147 944 1498 1006; baseline 0.004 -19"><span class='ocrx_word' id='word_1_114' title='bbox 147 945 159 988; x_wconf 93' lang='lat' dir='ltr'><strong>i</strong></span> <span class='ocrx_word' id='word_1_115' title='bbox 178 944 234 988; x_wconf 85' lang='lat' dir='ltr'><strong>de</strong></span> <span class='ocrx_word' id='word_1_116' title='bbox 253 959 436 1004; x_wconf 86' lang='lat' dir='ltr'><strong>corpore</strong></span> <span class='ocrx_word' id='word_1_117' title='bbox 454 947 642 990; x_wconf 81' lang='lat' dir='ltr'><strong>humano</strong></span> <span class='ocrx_word' id='word_1_118' title='bbox 664 950 927 991; x_wconf 74' lang='lat' dir='ltr'><strong>sententiam</strong></span> <span class='ocrx_word' id='word_1_119' title='bbox 948 954 1096 991; x_wconf 83' lang='lat' dir='ltr'><strong>uotam</strong></span> <span class='ocrx_word' id='word_1_120' title='bbox 1121 947 1282 991; x_wconf 83' lang='lat' dir='ltr'><strong>haheat</strong></span> <span class='ocrx_word' id='word_1_121' title='bbox 1304 954 1348 991; x_wconf 87' lang='lat' dir='ltr'><strong>et</strong></span> <span class='ocrx_word' id='word_1_122' title='bbox 1370 965 1498 1006; x_wconf 85' lang='lat' dir='ltr'><strong>quam</strong></span> 
     </span>
    </p>

    <p class='ocr_par' dir='ltr' id='par_1_14' title="bbox 138 1002 1499 1116">
     <span class='ocr_line' id='line_1_16' title="bbox 144 1002 1498 1065; baseline 0.004 -21"><span class='ocrx_word' id='word_1_123' title='bbox 144 1003 239 1060; x_wconf 87' lang='lat' dir='ltr'><strong>Ap.</strong></span> <span class='ocrx_word' id='word_1_124' title='bbox 256 1002 487 1058; x_wconf 85' lang='lat' dir='ltr'><strong>ingressus</strong></span> <span class='ocrx_word' id='word_1_125' title='bbox 508 1010 578 1047; x_wconf 87' lang='lat' dir='ltr'><strong>est</strong></span> <span class='ocrx_word' id='word_1_126' title='bbox 597 1004 938 1063; x_wconf 86' lang='lat' dir='ltr'><strong>disputationem</strong></span> <span class='ocrx_word' id='word_1_127' title='bbox 957 1005 1254 1063; x_wconf 84' lang='lat' dir='ltr'><strong>perspexerit.</strong></span> <span class='ocrx_word' id='word_1_128' title='bbox 1309 1005 1498 1065; x_wconf 87' lang='lat' dir='ltr'><strong>Corpus,</strong></span> 
     </span>
     <span class='ocr_line' id='line_1_17' title="bbox 138 1059 1499 1116; baseline 0.004 -16"><span class='ocrx_word' id='word_1_129' title='bbox 138 1073 251 1101; x_wconf 87' lang='lat' dir='ltr'><strong>nunc</strong></span> <span class='ocrx_word' id='word_1_130' title='bbox 273 1059 447 1116; x_wconf 86' lang='lat' dir='ltr'><strong>quidem</strong></span> <span class='ocrx_word' id='word_1_131' title='bbox 467 1063 657 1115; x_wconf 86' lang='lat' dir='ltr'><strong>utimur,</strong></span> <span class='ocrx_word' id='word_1_132' title='bbox 687 1061 827 1105; x_wconf 91' lang='lat' dir='ltr'><strong>Paulo</strong></span> <span class='ocrx_word' id='word_1_133' title='bbox 848 1066 1028 1105; x_wconf 83' lang='lat' dir='ltr'><strong>auctore</strong></span> <span class='ocrx_word' id='word_1_134' title='bbox 1048 1076 1133 1104; x_wconf 87' lang='lat' dir='ltr'><strong>non</strong></span> <span class='ocrx_word' id='word_1_135' title='bbox 1154 1063 1294 1104; x_wconf 86' lang='lat' dir='ltr'><strong>solum</strong></span> <span class='ocrx_word' id='word_1_136' title='bbox 1315 1064 1499 1106; x_wconf 78' lang='lat' dir='ltr'><strong>ruinosa</strong></span> 
     </span>
    </p>

    <p class='ocr_par' dir='ltr' id='par_1_15' title="bbox 136 1117 1501 1242">
     <span class='ocr_line' id='line_1_18' title="bbox 136 1117 1501 1163; baseline 0.005 -6"><span class='ocrx_word' id='word_1_137' title='bbox 136 1129 217 1158; x_wconf 81' lang='lat' dir='ltr'><strong>uae</strong></span> <span class='ocrx_word' id='word_1_138' title='bbox 241 1117 379 1159; x_wconf 82' lang='lat' dir='ltr'><strong>multa</strong></span> <span class='ocrx_word' id='word_1_139' title='bbox 409 1117 536 1162; x_wconf 82' lang='lat' dir='ltr'><strong>nobis</strong></span> <span class='ocrx_word' id='word_1_140' title='bbox 564 1119 834 1162; x_wconf 83' lang='lat' dir='ltr'><strong>incommoda</strong></span> <span class='ocrx_word' id='word_1_141' title='bbox 863 1120 1019 1162; x_wconf 81' lang='lat' dir='ltr'><strong>afferat</strong></span> <span class='ocrx_word' id='word_1_142' title='bbox 1041 1118 1201 1160; x_wconf 87' lang='lat' dir='ltr'><strong>mentis</strong></span> <span class='ocrx_word' id='word_1_143' title='bbox 1225 1124 1402 1163; x_wconf 79' lang='lat' dir='ltr'><strong>nostrae</strong></span> <span class='ocrx_word' id='word_1_144' title='bbox 1421 1120 1501 1163; x_wconf 90' lang='lat' dir='ltr'><strong>do·</strong></span> 
     </span>
     <span class='ocr_line' id='line_1_19' title="bbox 148 1172 1500 1242; baseline 0.004 -28"><span class='ocrx_word' id='word_1_145' title='bbox 148 1173 285 1228; x_wconf 80' lang='lat' dir='ltr'><strong>est&#39;(2</strong></span> <span class='ocrx_word' id='word_1_146' title='bbox 304 1172 407 1217; x_wconf 85' lang='lat' dir='ltr'><strong>Cor.</strong></span> <span class='ocrx_word' id='word_1_147' title='bbox 429 1174 474 1228; x_wconf 83' lang='lat'><strong>4,</strong></span> <span class='ocrx_word' id='word_1_148' title='bbox 491 1176 535 1221; x_wconf 91' lang='grc'><strong>7.</strong></span> <span class='ocrx_word' id='word_1_149' title='bbox 564 1175 606 1228; x_wconf 85' lang='grc'><strong>5,</strong></span> <span class='ocrx_word' id='word_1_150' title='bbox 632 1177 671 1219; x_wconf 91' lang='lat' dir='ltr'><strong>l.</strong></span> <span class='ocrx_word' id='word_1_151' title='bbox 689 1177 836 1242; x_wconf 77' lang='lat' dir='ltr'><strong>sqq.)‚</strong></span> <span class='ocrx_word' id='word_1_152' title='bbox 872 1191 1023 1219; x_wconf 84' lang='lat' dir='ltr'><strong>verum</strong></span> <span class='ocrx_word' id='word_1_153' title='bbox 1052 1175 1184 1218; x_wconf 84' lang='lat' dir='ltr'><strong>etiam</strong></span> <span class='ocrx_word' id='word_1_154' title='bbox 1204 1175 1378 1219; x_wconf 85' lang='lat' dir='ltr'><strong>foedum</strong></span> <span class='ocrx_word' id='word_1_155' title='bbox 1399 1192 1500 1235; x_wconf 90' lang='lat' dir='ltr'><strong>pec-</strong></span> 
     </span>
    </p>

    <p class='ocr_par' dir='ltr' id='par_1_16' title="bbox 132 1228 1502 1277">
     <span class='ocr_line' id='line_1_20' title="bbox 132 1228 1502 1277; baseline 0.005 -7"><span class='ocrx_word' id='word_1_156' title='bbox 132 1243 226 1271; x_wconf 89' lang='lat' dir='ltr'><strong>rum</strong></span> <span class='ocrx_word' id='word_1_157' title='bbox 243 1228 528 1276; x_wconf 82' lang='lat' dir='ltr'><strong>domicilium.</strong></span> <span class='ocrx_word' id='word_1_158' title='bbox 585 1231 733 1275; x_wconf 88' lang='lat' dir='ltr'><strong>Tristi</strong></span> <span class='ocrx_word' id='word_1_159' title='bbox 750 1232 863 1275; x_wconf 79' lang='lat' dir='ltr'><strong>nlud</strong></span> <span class='ocrx_word' id='word_1_160' title='bbox 883 1231 1156 1276; x_wconf 82' lang='lat' dir='ltr'><strong>haereditate</strong></span> <span class='ocrx_word' id='word_1_161' title='bbox 1173 1232 1229 1274; x_wconf 81' lang='lat' dir='ltr'><strong>ab</strong></span> <span class='ocrx_word' id='word_1_162' title='bbox 1247 1232 1425 1276; x_wconf 85' lang='lat' dir='ltr'><strong>Adamo</strong></span> <span class='ocrx_word' id='word_1_163' title='bbox 1445 1233 1502 1277; x_wconf 83' lang='lat' dir='ltr'><strong>ad</strong></span> 
     </span>
    </p>

    <p class='ocr_par' dir='ltr' id='par_1_17' title="bbox 30 1287 1512 2819">
     <span class='ocr_line' id='line_1_21' title="bbox 42 1287 1502 1349; baseline 0.004 -22"><span class='ocrx_word' id='word_1_164' title='bbox 42 1298 113 1339; x_wconf 66' lang='lat' dir='ltr'><strong>ios</strong></span> <span class='ocrx_word' id='word_1_165' title='bbox 131 1287 359 1343; x_wconf 88' lang='lat' dir='ltr'><strong>pervenit,</strong></span> <span class='ocrx_word' id='word_1_166' title='bbox 388 1288 464 1344; x_wconf 89' lang='lat' dir='ltr'><strong>qui</strong></span> <span class='ocrx_word' id='word_1_167' title='bbox 484 1289 741 1333; x_wconf 77' lang='lat' dir='ltr'><strong>immortalis</strong></span> <span class='ocrx_word' id='word_1_168' title='bbox 761 1291 958 1349; x_wconf 84' lang='lat' dir='ltr'><strong>corporis</strong></span> <span class='ocrx_word' id='word_1_169' title='bbox 977 1289 1065 1332; x_wconf 91' lang='lat' dir='ltr'><strong>sihi</strong></span> <span class='ocrx_word' id='word_1_170' title='bbox 1086 1290 1368 1346; x_wconf 84' lang='lat' dir='ltr'><strong>posterisque</strong></span> <span class='ocrx_word' id='word_1_171' title='bbox 1386 1305 1502 1333; x_wconf 91' lang='lat' dir='ltr'><strong>com-</strong></span> 
     </span>
     <span class='ocr_line' id='line_1_22' title="bbox 62 1341 1503 1404; baseline 0.008 -22"><span class='ocrx_word' id='word_1_172' title='bbox 62 1341 217 1384; x_wconf 78' lang='lat' dir='ltr'><strong>arandi</strong></span> <span class='ocrx_word' id='word_1_173' title='bbox 245 1345 517 1387; x_wconf 85' lang='lat' dir='ltr'><strong>occasionem</strong></span> <span class='ocrx_word' id='word_1_174' title='bbox 549 1360 630 1404; x_wconf 87' lang='lat' dir='ltr'><strong>per</strong></span> <span class='ocrx_word' id='word_1_175' title='bbox 668 1347 814 1389; x_wconf 89' lang='lat' dir='ltr'><strong>scelus</strong></span> <span class='ocrx_word' id='word_1_176' title='bbox 848 1346 1003 1389; x_wconf 85' lang='lat' dir='ltr'><strong>effudit</strong></span> <span class='ocrx_word' id='word_1_177' title='bbox 1036 1346 1173 1402; x_wconf 86' lang='lat' dir='ltr'><strong>(Gen.</strong></span> <span class='ocrx_word' id='word_1_178' title='bbox 1192 1346 1244 1399; x_wconf 87' lang='lat'><strong>2,</strong></span> <span class='ocrx_word' id='word_1_179' title='bbox 1266 1349 1336 1391; x_wconf 82' lang='lat'><strong>16.</strong></span> <span class='ocrx_word' id='word_1_180' title='bbox 1367 1348 1409 1401; x_wconf 84' lang='lat'><strong>3,</strong></span> <span class='ocrx_word' id='word_1_181' title='bbox 1429 1348 1503 1393; x_wconf 89' lang='grc'><strong>22.</strong></span> 
     </span>
     <span class='ocr_line' id='line_1_23' title="bbox 31 1354 1505 1461; baseline 0.005 -21"><span class='ocrx_word' id='word_1_182' title='bbox 31 1354 60 1440; x_wconf 57' lang='lat'><strong>&#39;1³</strong></span> <span class='ocrx_word' id='word_1_183' title='bbox 78 1397 182 1443; x_wconf 82' lang='lat' dir='ltr'><strong>Cor.</strong></span> <span class='ocrx_word' id='word_1_184' title='bbox 202 1398 270 1452; x_wconf 87' lang='grc'><strong>15,</strong></span> <span class='ocrx_word' id='word_1_185' title='bbox 287 1400 399 1456; x_wconf 84' lang='lat'><strong>49.).</strong></span> <span class='ocrx_word' id='word_1_186' title='bbox 476 1401 560 1445; x_wconf 87' lang='lat' dir='ltr'><strong>Est</strong></span> <span class='ocrx_word' id='word_1_187' title='bbox 588 1408 734 1445; x_wconf 88' lang='lat' dir='ltr'><strong>autem</strong></span> <span class='ocrx_word' id='word_1_188' title='bbox 754 1418 914 1461; x_wconf 87' lang='lat' dir='ltr'><strong>corpus</strong></span> <span class='ocrx_word' id='word_1_189' title='bbox 942 1408 1221 1461; x_wconf 85' lang='lat' dir='ltr'><strong>peccatorum</strong></span> <span class='ocrx_word' id='word_1_190' title='bbox 1241 1402 1368 1445; x_wconf 90' lang='lat' dir='ltr'><strong>sedes</strong></span> <span class='ocrx_word' id='word_1_191' title='bbox 1393 1403 1505 1447; x_wconf 85' lang='lat' dir='ltr'><strong>duas</strong></span> 
     </span>
     <span class='ocr_line' id='line_1_24' title="bbox 31 1454 1504 1516; baseline 0.005 -20"><span class='ocrx_word' id='word_1_192' title='bbox 31 1454 211 1498; x_wconf 86' lang='lat' dir='ltr'><strong>maximi</strong></span> <span class='ocrx_word' id='word_1_193' title='bbox 233 1456 288 1498; x_wconf 88' lang='lat' dir='ltr'><strong>ob</strong></span> <span class='ocrx_word' id='word_1_194' title='bbox 307 1470 478 1501; x_wconf 85' lang='lat' dir='ltr'><strong>causas.</strong></span> <span class='ocrx_word' id='word_1_195' title='bbox 521 1457 638 1501; x_wconf 80' lang='lat' dir='ltr'><strong>Nam</strong></span> <span class='ocrx_word' id='word_1_196' title='bbox 659 1474 788 1516; x_wconf 88' lang='lat' dir='ltr'><strong>quum</strong></span> <span class='ocrx_word' id='word_1_197' title='bbox 811 1466 860 1504; x_wconf 85' lang='lat' dir='ltr'><strong>ut</strong></span> <span class='ocrx_word' id='word_1_198' title='bbox 876 1460 997 1503; x_wconf 84' lang='lat' dir='ltr'><strong>intus</strong></span> <span class='ocrx_word' id='word_1_199' title='bbox 1014 1464 1269 1516; x_wconf 90' lang='lat' dir='ltr'><strong>conceptum</strong></span> <span class='ocrx_word' id='word_1_200' title='bbox 1289 1460 1504 1514; x_wconf 83' lang='lat' dir='ltr'><strong>flagitium</strong></span> 
     </span>
     <span class='ocr_line' id='line_1_25' title="bbox 30 1510 1507 1574; baseline 0.004 -20"><span class='ocrx_word' id='word_1_201' title='bbox 30 1516 110 1554; x_wconf 77' lang='lat' dir='ltr'><strong>aut</strong></span> <span class='ocrx_word' id='word_1_202' title='bbox 145 1510 267 1556; x_wconf 82' lang='lat' dir='ltr'><strong>dicas</strong></span> <span class='ocrx_word' id='word_1_203' title='bbox 297 1519 372 1557; x_wconf 84' lang='lat' dir='ltr'><strong>aut</strong></span> <span class='ocrx_word' id='word_1_204' title='bbox 410 1515 548 1557; x_wconf 82' lang='lat' dir='ltr'><strong>facias</strong></span> <span class='ocrx_word' id='word_1_205' title='bbox 586 1517 879 1559; x_wconf 88' lang='lat' dir='ltr'><strong>membrorum</strong></span> <span class='ocrx_word' id='word_1_206' title='bbox 916 1515 1116 1574; x_wconf 89' lang='lat' dir='ltr'><strong>corporis</strong></span> <span class='ocrx_word' id='word_1_207' title='bbox 1144 1516 1394 1559; x_wconf 85' lang='lat' dir='ltr'><strong>ministerio</strong></span> <span class='ocrx_word' id='word_1_208' title='bbox 1421 1517 1507 1560; x_wconf 85' lang='lat' dir='ltr'><strong>tibi</strong></span> 
     </span>
     <span class='ocr_line' id='line_1_26' title="bbox 32 1569 1506 1631; baseline 0.003 -21"><span class='ocrx_word' id='word_1_209' title='bbox 32 1583 147 1627; x_wconf 88' lang='lat' dir='ltr'><strong>opus</strong></span> <span class='ocrx_word' id='word_1_210' title='bbox 169 1569 230 1612; x_wconf 88' lang='lat' dir='ltr'><strong>sit</strong></span> <span class='ocrx_word' id='word_1_211' title='bbox 250 1584 291 1614; x_wconf 90' lang='lat' dir='ltr'><strong>v.</strong></span> <span class='ocrx_word' id='word_1_212' title='bbox 310 1584 349 1614; x_wconf 87' lang='lat' dir='ltr'><strong>c.</strong></span> <span class='ocrx_word' id='word_1_213' title='bbox 373 1572 465 1614; x_wconf 85' lang='lat' dir='ltr'><strong>oris</strong></span> <span class='ocrx_word' id='word_1_214' title='bbox 487 1576 537 1614; x_wconf 90' lang='lat' dir='ltr'><strong>ut</strong></span> <span class='ocrx_word' id='word_1_215' title='bbox 556 1573 786 1627; x_wconf 87' lang='lat' dir='ltr'><strong>mentiaris</strong></span> <span class='ocrx_word' id='word_1_216' title='bbox 800 1605 814 1626; x_wconf 90' lang='lat'>,</span> <span class='ocrx_word' id='word_1_217' title='bbox 851 1576 897 1620; x_wconf 72' lang='lat' dir='ltr'><strong>et</strong></span> <span class='ocrx_word' id='word_1_218' title='bbox 920 1587 1100 1624; x_wconf 82' lang='lat' dir='ltr'><strong>manus,</strong></span> <span class='ocrx_word' id='word_1_219' title='bbox 1138 1575 1189 1614; x_wconf 86' lang='lat' dir='ltr'><strong>ut</strong></span> <span class='ocrx_word' id='word_1_220' title='bbox 1206 1572 1380 1616; x_wconf 85' lang='lat' dir='ltr'><strong>caedem</strong></span> <span class='ocrx_word' id='word_1_221' title='bbox 1402 1588 1506 1631; x_wconf 83' lang='lat' dir='ltr'><strong>per-</strong></span> 
     </span>
     <span class='ocr_line' id='line_1_27' title="bbox 32 1628 1507 1687; baseline 0.004 -20"><span class='ocrx_word' id='word_1_222' title='bbox 32 1630 208 1683; x_wconf 86' lang='lat' dir='ltr'><strong>petres,</strong></span> <span class='ocrx_word' id='word_1_223' title='bbox 235 1640 395 1685; x_wconf 88' lang='lat' dir='ltr'><strong>corpus</strong></span> <span class='ocrx_word' id='word_1_224' title='bbox 416 1634 718 1687; x_wconf 83' lang='lat' dir='ltr'><strong>peccatorum,</strong></span> <span class='ocrx_word' id='word_1_225' title='bbox 752 1644 862 1686; x_wconf 83' lang='lat' dir='ltr'><strong>quae</strong></span> <span class='ocrx_word' id='word_1_226' title='bbox 882 1630 1004 1672; x_wconf 85' lang='lat' dir='ltr'><strong>foras</strong></span> <span class='ocrx_word' id='word_1_227' title='bbox 1027 1628 1207 1681; x_wconf 79' lang='lat' dir='ltr'><strong>efferat,</strong></span> <span class='ocrx_word' id='word_1_228' title='bbox 1230 1629 1507 1673; x_wconf 63' lang='lat' dir='ltr'><strong>,administer</strong></span> 
     </span>
     <span class='ocr_line' id='line_1_28' title="bbox 33 1681 1506 1741; baseline 0.003 -16"><span class='ocrx_word' id='word_1_229' title='bbox 33 1681 179 1725; x_wconf 83' lang='lat' dir='ltr'><strong>videri</strong></span> <span class='ocrx_word' id='word_1_230' title='bbox 198 1686 345 1740; x_wconf 83' lang='lat' dir='ltr'><strong>potest</strong></span> <span class='ocrx_word' id='word_1_231' title='bbox 367 1685 428 1740; x_wconf 79' lang='lat' dir='ltr'><strong>(v.</strong></span> <span class='ocrx_word' id='word_1_232' title='bbox 451 1686 522 1730; x_wconf 88' lang='lat'><strong>12.</strong></span> <span class='ocrx_word' id='word_1_233' title='bbox 547 1685 617 1730; x_wconf 85' lang='lat'><strong>13.</strong></span> <span class='ocrx_word' id='word_1_234' title='bbox 637 1687 707 1731; x_wconf 87' lang='grc'><strong>19.</strong></span> <span class='ocrx_word' id='word_1_235' title='bbox 732 1686 761 1726; x_wconf 87' lang='grc'>2</span> <span class='ocrx_word' id='word_1_236' title='bbox 781 1685 884 1731; x_wconf 88' lang='lat' dir='ltr'><strong>Cor.</strong></span> <span class='ocrx_word' id='word_1_237' title='bbox 902 1686 946 1739; x_wconf 85' lang='lat'><strong>5,</strong></span> <span class='ocrx_word' id='word_1_238' title='bbox 965 1686 1075 1740; x_wconf 88' lang='lat'><strong>10.).</strong></span> <span class='ocrx_word' id='word_1_239' title='bbox 1134 1684 1227 1728; x_wconf 85' lang='lat' dir='ltr'><strong>Sed</strong></span> <span class='ocrx_word' id='word_1_240' title='bbox 1247 1687 1384 1729; x_wconf 85' lang='lat' dir='ltr'><strong>multo</strong></span> <span class='ocrx_word' id='word_1_241' title='bbox 1402 1702 1506 1741; x_wconf 84' lang='lat' dir='ltr'><strong>gra-</strong></span> 
     </span>
     <span class='ocr_line' id='line_1_29' title="bbox 33 1738 1508 1798; baseline 0.004 -18"><span class='ocrx_word' id='word_1_242' title='bbox 33 1738 134 1781; x_wconf 78' lang='lat' dir='ltr'><strong>vius</strong></span> <span class='ocrx_word' id='word_1_243' title='bbox 157 1742 250 1794; x_wconf 82' lang='lat' dir='ltr'><strong>est,</strong></span> <span class='ocrx_word' id='word_1_244' title='bbox 288 1740 406 1796; x_wconf 86' lang='lat' dir='ltr'><strong>quod</strong></span> <span class='ocrx_word' id='word_1_245' title='bbox 431 1756 593 1798; x_wconf 88' lang='lat' dir='ltr'><strong>corpus</strong></span> <span class='ocrx_word' id='word_1_246' title='bbox 620 1748 893 1798; x_wconf 76' lang='lat' dir='ltr'><strong>peccatorum</strong></span> <span class='ocrx_word' id='word_1_247' title='bbox 918 1742 1200 1785; x_wconf 70' lang='lat' dir='ltr'><strong>incitamenta</strong></span> <span class='ocrx_word' id='word_1_248' title='bbox 1225 1744 1419 1786; x_wconf 84' lang='lat' dir='ltr'><strong>continet</strong></span> <span class='ocrx_word' id='word_1_249' title='bbox 1440 1745 1508 1786; x_wconf 80' lang='lat' dir='ltr'><strong>fa-</strong></span> 
     </span>
     <span class='ocr_line' id='line_1_30' title="bbox 34 1795 1508 1856; baseline 0.004 -18"><span class='ocrx_word' id='word_1_250' title='bbox 34 1808 194 1852; x_wconf 76' lang='lat' dir='ltr'><strong>cesque</strong></span> <span class='ocrx_word' id='word_1_251' title='bbox 213 1795 425 1855; x_wconf 70' lang='lat' dir='ltr'><strong>subjicit„</strong></span> <span class='ocrx_word' id='word_1_252' title='bbox 459 1798 618 1855; x_wconf 85' lang='lat' dir='ltr'><strong>quibus</strong></span> <span class='ocrx_word' id='word_1_253' title='bbox 641 1798 697 1840; x_wconf 88' lang='lat' dir='ltr'><strong>ad</strong></span> <span class='ocrx_word' id='word_1_254' title='bbox 720 1814 879 1855; x_wconf 76' lang='lat' dir='ltr'><strong>pravas</strong></span> <span class='ocrx_word' id='word_1_255' title='bbox 897 1797 1164 1856; x_wconf 83' lang='lat' dir='ltr'><strong>cupiditates</strong></span> <span class='ocrx_word' id='word_1_256' title='bbox 1186 1798 1508 1844; x_wconf 86' lang='lat' dir='ltr'><strong>inflammemur</strong></span> 
     </span>
     <span class='ocr_line' id='line_1_31' title="bbox 37 1852 1506 1922; baseline 0.003 -27"><span class='ocrx_word' id='word_1_257' title='bbox 37 1865 81 1895; x_wconf 77' lang='lat' dir='ltr'><strong>v.</strong></span> <span class='ocrx_word' id='word_1_258' title='bbox 100 1852 172 1896; x_wconf 87' lang='grc'><strong>12.</strong></span> <span class='ocrx_word' id='word_1_259' title='bbox 199 1852 244 1922; x_wconf 64' lang='grc' dir='ltr'><strong>8ξ</strong></span> <span class='ocrx_word' id='word_1_260' title='bbox 264 1854 334 1897; x_wconf 82' lang='grc'><strong>13.</strong></span> <span class='ocrx_word' id='word_1_261' title='bbox 363 1854 443 1903; x_wconf 82' lang='grc' dir='ltr'><strong>τὰς</strong></span> <span class='ocrx_word' id='word_1_262' title='bbox 469 1853 656 1910; x_wconf 82' lang='grc' dir='ltr'><em>πράξεις</em></span> <span class='ocrx_word' id='word_1_263' title='bbox 677 1856 758 1898; x_wconf 84' lang='grc' dir='ltr'><strong>τοῦ</strong></span> <span class='ocrx_word' id='word_1_264' title='bbox 785 1855 989 1906; x_wconf 79' lang='grc' dir='ltr'><em>σώματος</em></span> <span class='ocrx_word' id='word_1_265' title='bbox 1008 1855 1246 1898; x_wconf 74' lang='grc' dir='ltr'><strong>θανατοῦν.</strong></span> <span class='ocrx_word' id='word_1_266' title='bbox 1304 1855 1506 1914; x_wconf 87' lang='lat' dir='ltr'><strong>Opponi-</strong></span> 
     </span>
     <span class='ocr_line' id='line_1_32' title="bbox 36 1906 1507 1966; baseline 0.003 -16"><span class='ocrx_word' id='word_1_267' title='bbox 36 1913 114 1950; x_wconf 82' lang='lat' dir='ltr'><strong>tur</strong></span> <span class='ocrx_word' id='word_1_268' title='bbox 133 1923 244 1950; x_wconf 76' lang='grc' dir='ltr'><em>κατα</em></span> <span class='ocrx_word' id='word_1_269' title='bbox 264 1907 406 1964; x_wconf 82' lang='grc' dir='ltr'><em>σάρκα</em></span> <span class='ocrx_word' id='word_1_270' title='bbox 427 1908 517 1966; x_wconf 82' lang='grc' dir='ltr'><strong>ζῆν.</strong></span> <span class='ocrx_word' id='word_1_271' title='bbox 568 1911 611 1962; x_wconf 89' lang='grc'><strong>7,</strong></span> <span class='ocrx_word' id='word_1_272' title='bbox 633 1911 702 1953; x_wconf 86' lang='grc'><strong>18.</strong></span> <span class='ocrx_word' id='word_1_273' title='bbox 731 1935 786 1943; x_wconf 93' lang='lat'><strong>—-</strong></span> <span class='ocrx_word' id='word_1_274' title='bbox 817 1907 895 1952; x_wconf 80' lang='grc' dir='ltr'><strong>οὐκ</strong></span> <span class='ocrx_word' id='word_1_275' title='bbox 913 1906 1026 1952; x_wconf 72' lang='grc' dir='ltr'><em>οἰκεῖ</em></span> <span class='ocrx_word' id='word_1_276' title='bbox 1046 1908 1091 1952; x_wconf 79' lang='grc' dir='ltr'><strong>ἐν</strong></span> <span class='ocrx_word' id='word_1_277' title='bbox 1114 1908 1239 1959; x_wconf 78' lang='grc' dir='ltr'><em>ἐμοὶ,</em></span> <span class='ocrx_word' id='word_1_278' title='bbox 1279 1912 1507 1955; x_wconf 75' lang='grc' dir='ltr'><em>τουτέστιν</em></span> 
     </span>
     <span class='ocr_line' id='line_1_33' title="bbox 38 1963 1507 2027; baseline 0.003 -20"><span class='ocrx_word' id='word_1_279' title='bbox 38 1963 97 2007; x_wconf 75' lang='grc' dir='ltr'><strong>ἐν</strong></span> <span class='ocrx_word' id='word_1_280' title='bbox 123 1964 186 2021; x_wconf 82' lang='grc' dir='ltr'><strong>τῇ</strong></span> <span class='ocrx_word' id='word_1_281' title='bbox 216 1964 382 2022; x_wconf 82' lang='grc' dir='ltr'><em>σαρκί</em></span> <span class='ocrx_word' id='word_1_282' title='bbox 408 1981 537 2018; x_wconf 86' lang='grc' dir='ltr'><em>μου,</em></span> <span class='ocrx_word' id='word_1_283' title='bbox 567 1963 756 2022; x_wconf 64' lang='grc' dir='ltr'><strong>ἀγαθόν.</strong></span> <span class='ocrx_word' id='word_1_284' title='bbox 809 1979 852 2010; x_wconf 82' lang='lat' dir='ltr'><strong>v.</strong></span> <span class='ocrx_word' id='word_1_285' title='bbox 870 1966 942 2010; x_wconf 85' lang='lat'><strong>23.</strong></span> <span class='ocrx_word' id='word_1_286' title='bbox 965 1966 1101 2022; x_wconf 77' lang='lat' dir='ltr'><strong>[eL-V.</strong></span> <span class='ocrx_word' id='word_1_287' title='bbox 1120 1965 1212 2022; x_wconf 85' lang='lat'><strong>25.]</strong></span> <span class='ocrx_word' id='word_1_288' title='bbox 1236 1964 1259 2009; x_wconf 83' lang='grc' dir='ltr'><em>ὃ</em></span> <span class='ocrx_word' id='word_1_289' title='bbox 1279 1965 1412 2021; x_wconf 83' lang='grc' dir='ltr'><em>νόμος</em></span> <span class='ocrx_word' id='word_1_290' title='bbox 1428 1970 1507 2027; x_wconf 80' lang='grc' dir='ltr'><strong>τῆς</strong></span> 
     </span>
     <span class='ocr_line' id='line_1_34' title="bbox 38 2015 1508 2076; baseline 0.003 -12"><span class='ocrx_word' id='word_1_291' title='bbox 38 2015 262 2074; x_wconf 77' lang='grc' dir='ltr'><em>ἅμαρτίας</em></span> <span class='ocrx_word' id='word_1_292' title='bbox 282 2019 306 2064; x_wconf 84' lang='grc' dir='ltr'>ὁ</span> <span class='ocrx_word' id='word_1_293' title='bbox 324 2017 383 2063; x_wconf 76' lang='grc' dir='ltr'><strong>ὢν</strong></span> <span class='ocrx_word' id='word_1_294' title='bbox 411 2019 467 2064; x_wconf 78' lang='grc' dir='ltr'><strong>ἐν</strong></span> <span class='ocrx_word' id='word_1_295' title='bbox 494 2024 616 2072; x_wconf 86' lang='grc' dir='ltr'><em>τοῖς</em></span> <span class='ocrx_word' id='word_1_296' title='bbox 643 2020 838 2076; x_wconf 85' lang='grc' dir='ltr'><em>μέλεσί</em></span> <span class='ocrx_word' id='word_1_297' title='bbox 867 2037 985 2074; x_wconf 87' lang='grc' dir='ltr'><strong>μου.</strong></span> <span class='ocrx_word' id='word_1_298' title='bbox 1043 2022 1147 2066; x_wconf 80' lang='lat' dir='ltr'><strong>Gal.</strong></span> <span class='ocrx_word' id='word_1_299' title='bbox 1164 2023 1208 2076; x_wconf 86' lang='lat'><strong>5,</strong></span> <span class='ocrx_word' id='word_1_300' title='bbox 1231 2025 1300 2068; x_wconf 88' lang='grc'><strong>16.</strong></span> <span class='ocrx_word' id='word_1_301' title='bbox 1322 2049 1378 2055; x_wconf 90' lang='grc'>-</span> <span class='ocrx_word' id='word_1_302' title='bbox 1406 2024 1508 2068; x_wconf 79' lang='grc' dir='ltr'><strong><em>ἐπι-</em></strong></span> 
     </span>
     <span class='ocr_line' id='line_1_35' title="bbox 38 2074 1509 2137; baseline 0.003 -18"><span class='ocrx_word' id='word_1_303' title='bbox 38 2075 210 2130; x_wconf 53' lang='lat' dir='ltr'><strong>&amp;vicione</strong></span> <span class='ocrx_word' id='word_1_304' title='bbox 230 2075 396 2134; x_wconf 81' lang='grc' dir='ltr'><em>σαρκὸς</em></span> <span class='ocrx_word' id='word_1_305' title='bbox 415 2074 468 2120; x_wconf 80' lang='grc' dir='ltr'><strong>οὐ</strong></span> <span class='ocrx_word' id='word_1_306' title='bbox 487 2076 548 2134; x_wconf 82' lang='grc' dir='ltr'><strong>μὴ</strong></span> <span class='ocrx_word' id='word_1_307' title='bbox 569 2078 791 2135; x_wconf 83' lang='grc' dir='ltr'><strong>τελέσητε.</strong></span> <span class='ocrx_word' id='word_1_308' title='bbox 829 2079 905 2123; x_wconf 78' lang='grc'><strong>24.</strong></span> <span class='ocrx_word' id='word_1_309' title='bbox 931 2076 1010 2137; x_wconf 80' lang='grc' dir='ltr'><strong>τὴν</strong></span> <span class='ocrx_word' id='word_1_310' title='bbox 1028 2076 1172 2136; x_wconf 80' lang='grc' dir='ltr'><em>σάρκα</em></span> <span class='ocrx_word' id='word_1_311' title='bbox 1191 2081 1410 2137; x_wconf 83' lang='grc' dir='ltr'><em>σταυροῦν</em></span> <span class='ocrx_word' id='word_1_312' title='bbox 1430 2080 1509 2124; x_wconf 74' lang='grc' dir='ltr'><strong>σὺν</strong></span> 
     </span>
     <span class='ocr_line' id='line_1_36' title="bbox 38 2130 1509 2194; baseline 0.003 -17"><span class='ocrx_word' id='word_1_313' title='bbox 38 2136 136 2184; x_wconf 72' lang='grc' dir='ltr'><em>’τοῖς</em></span> <span class='ocrx_word' id='word_1_314' title='bbox 159 2130 399 2193; x_wconf 72' lang='grc' dir='ltr'><em>παθήμασι</em></span> <span class='ocrx_word' id='word_1_315' title='bbox 427 2137 502 2177; x_wconf 79' lang='grc' dir='ltr'><strong>καὶ</strong></span> <span class='ocrx_word' id='word_1_316' title='bbox 526 2137 622 2184; x_wconf 82' lang='grc' dir='ltr'><em>ταῖς</em></span> <span class='ocrx_word' id='word_1_317' title='bbox 650 2132 935 2190; x_wconf 69' lang='grc' dir='ltr'><strong>ἐπιθυμίαις.</strong></span> <span class='ocrx_word' id='word_1_318' title='bbox 1000 2134 1098 2180; x_wconf 86' lang='lat' dir='ltr'><strong>Col.</strong></span> <span class='ocrx_word' id='word_1_319' title='bbox 1115 2135 1164 2189; x_wconf 86' lang='lat'><strong>3,</strong></span> <span class='ocrx_word' id='word_1_320' title='bbox 1190 2135 1235 2181; x_wconf 88' lang='grc'><strong>5.</strong></span> <span class='ocrx_word' id='word_1_321' title='bbox 1261 2135 1509 2194; x_wconf 75' lang='grc' dir='ltr'><em>νεκρώσατε</em></span> 
     </span>
     <span class='ocr_line' id='line_1_37' title="bbox 43 2184 1510 2252; baseline 0.003 -20"><span class='ocrx_word' id='word_1_322' title='bbox 43 2184 122 2233; x_wconf 74' lang='grc' dir='ltr'><strong>οὖν</strong></span> <span class='ocrx_word' id='word_1_323' title='bbox 149 2187 214 2232; x_wconf 77' lang='grc' dir='ltr'><strong>τὰ</strong></span> <span class='ocrx_word' id='word_1_324' title='bbox 242 2189 378 2246; x_wconf 81' lang='grc' dir='ltr'><em>μέλη</em></span> <span class='ocrx_word' id='word_1_325' title='bbox 408 2187 554 2243; x_wconf 75' lang='grc' dir='ltr'><strong>ὗμῶν</strong></span> <span class='ocrx_word' id='word_1_326' title='bbox 583 2188 646 2232; x_wconf 81' lang='grc' dir='ltr'><strong>τὰ</strong></span> <span class='ocrx_word' id='word_1_327' title='bbox 677 2189 770 2234; x_wconf 79' lang='grc' dir='ltr'><strong>ἐπὶ</strong></span> <span class='ocrx_word' id='word_1_328' title='bbox 797 2193 891 2250; x_wconf 83' lang='grc' dir='ltr'><strong>τῆς</strong></span> <span class='ocrx_word' id='word_1_329' title='bbox 919 2191 1039 2248; x_wconf 80' lang='grc' dir='ltr'><strong><em>γῆς,</em></strong></span> <span class='ocrx_word' id='word_1_330' title='bbox 1080 2192 1169 2247; x_wconf 81' lang='lat' dir='ltr'><strong>[hic</strong></span> <span class='ocrx_word' id='word_1_331' title='bbox 1196 2198 1340 2236; x_wconf 84' lang='lat' dir='ltr'><strong>mente</strong></span> <span class='ocrx_word' id='word_1_332' title='bbox 1358 2199 1510 2252; x_wconf 79' lang='lat' dir='ltr'><strong>repete</strong></span> 
     </span>
     <span class='ocr_line' id='line_1_38' title="bbox 39 2243 1508 2308; baseline 0.003 -20"><span class='ocrx_word' id='word_1_333' title='bbox 39 2243 306 2303; x_wconf 77' lang='grc' dir='ltr'><em>νεκρώσατε]</em></span> <span class='ocrx_word' id='word_1_334' title='bbox 329 2246 548 2304; x_wconf 74' lang='grc' dir='ltr'><em>πορνείαν,</em></span> <span class='ocrx_word' id='word_1_335' title='bbox 568 2243 848 2303; x_wconf 72' lang='grc' dir='ltr'><em>ἀκαθαρσίαν</em></span> <span class='ocrx_word' id='word_1_336' title='bbox 867 2265 903 2289; x_wconf 85' lang='grc' dir='ltr'><strong>κ.</strong></span> <span class='ocrx_word' id='word_1_337' title='bbox 916 2263 954 2291; x_wconf 83' lang='grc' dir='ltr'><strong>τ.</strong></span> <span class='ocrx_word' id='word_1_338' title='bbox 966 2248 1007 2292; x_wconf 83' lang='grc' dir='ltr'><strong>λ.</strong></span> <span class='ocrx_word' id='word_1_339' title='bbox 1029 2249 1072 2301; x_wconf 85' lang='grc'><strong>2,</strong></span> <span class='ocrx_word' id='word_1_340' title='bbox 1091 2249 1287 2294; x_wconf 80' lang='grc' dir='ltr'><strong>11.-ἐν</strong></span> <span class='ocrx_word' id='word_1_341' title='bbox 1305 2251 1358 2308; x_wconf 81' lang='grc' dir='ltr'><strong>τῇ</strong></span> <span class='ocrx_word' id='word_1_342' title='bbox 1379 2248 1508 2293; x_wconf 78' lang='grc' dir='ltr'><em>ἀπεκ-</em></span> 
     </span>
     <span class='ocr_line' id='line_1_39' title="bbox 43 2301 1510 2374; baseline 0.004 -31"><span class='ocrx_word' id='word_1_343' title='bbox 43 2301 170 2346; x_wconf 79' lang='grc' dir='ltr'><em>δύσει</em></span> <span class='ocrx_word' id='word_1_344' title='bbox 189 2305 269 2345; x_wconf 76' lang='grc' dir='ltr'><strong>τοῦ</strong></span> <span class='ocrx_word' id='word_1_345' title='bbox 291 2302 496 2355; x_wconf 77' lang='grc' dir='ltr'><em>σώματος</em></span> <span class='ocrx_word' id='word_1_346' title='bbox 513 2304 592 2360; x_wconf 67' lang='grc' dir='ltr'><strong>τῆς</strong></span> <span class='ocrx_word' id='word_1_347' title='bbox 620 2301 794 2360; x_wconf 85' lang='grc' dir='ltr'><em>σαρκός.</em></span> <span class='ocrx_word' id='word_1_348' title='bbox 853 2305 967 2374; x_wconf 84' lang='lat' dir='ltr'><strong>Eph.</strong></span> <span class='ocrx_word' id='word_1_349' title='bbox 986 2305 1031 2355; x_wconf 88' lang='lat'><strong>2,</strong></span> <span class='ocrx_word' id='word_1_350' title='bbox 1047 2306 1091 2350; x_wconf 89' lang='grc'><strong>3.</strong></span> <span class='ocrx_word' id='word_1_351' title='bbox 1120 2330 1174 2338; x_wconf 91' lang='lat'><strong>--</strong></span> <span class='ocrx_word' id='word_1_352' title='bbox 1203 2301 1510 2361; x_wconf 54' lang='lat' dir='ltr'><strong>bgzsigncivvsg</strong></span> 
     </span>
     <span class='ocr_line' id='line_1_40' title="bbox 42 2355 1510 2419; baseline 0.003 -19"><span class='ocrx_word' id='word_1_353' title='bbox 42 2355 381 2416; x_wconf 78' lang='grc' dir='ltr'><em>ἀνεστράφημέν</em></span> <span class='ocrx_word' id='word_1_354' title='bbox 400 2374 510 2402; x_wconf 79' lang='grc' dir='ltr'><em>ποτε</em></span> <span class='ocrx_word' id='word_1_355' title='bbox 529 2359 575 2402; x_wconf 78' lang='grc' dir='ltr'><strong>ἐν</strong></span> <span class='ocrx_word' id='word_1_356' title='bbox 601 2363 697 2409; x_wconf 77' lang='grc' dir='ltr'><strong>ταῖς</strong></span> <span class='ocrx_word' id='word_1_357' title='bbox 717 2359 976 2414; x_wconf 74' lang='grc' dir='ltr'><em>ἑπιθυμιαις</em></span> <span class='ocrx_word' id='word_1_358' title='bbox 996 2363 1074 2417; x_wconf 85' lang='grc' dir='ltr'><strong>τῆς</strong></span> <span class='ocrx_word' id='word_1_359' title='bbox 1093 2362 1256 2418; x_wconf 76' lang='grc' dir='ltr'><em>σαρκὸς</em></span> <span class='ocrx_word' id='word_1_360' title='bbox 1278 2358 1396 2419; x_wconf 79' lang='grc' dir='ltr'><em>ἡμῶν</em></span> <span class='ocrx_word' id='word_1_361' title='bbox 1417 2365 1510 2419; x_wconf 89' lang='lat' dir='ltr'><strong>[cu-</strong></span> 
     </span>
     <span class='ocr_line' id='line_1_41' title="bbox 43 2414 1506 2476; baseline 0.004 -20"><span class='ocrx_word' id='word_1_362' title='bbox 43 2414 308 2472; x_wconf 82' lang='lat' dir='ltr'><strong>piditatibus</strong></span> <span class='ocrx_word' id='word_1_363' title='bbox 338 2430 448 2471; x_wconf 71' lang='lat' dir='ltr'><strong>quas</strong></span> <span class='ocrx_word' id='word_1_364' title='bbox 475 2430 632 2475; x_wconf 87' lang='lat' dir='ltr'><strong>corpus</strong></span> <span class='ocrx_word' id='word_1_365' title='bbox 661 2422 860 2459; x_wconf 75' lang='lat' dir='ltr'><strong>nostrum</strong></span> <span class='ocrx_word' id='word_1_366' title='bbox 897 2418 1106 2460; x_wconf 66' lang='lat' dir='ltr'><strong>accendit‘</strong></span> <span class='ocrx_word' id='word_1_367' title='bbox 1131 2418 1269 2461; x_wconf 82' lang='lat' dir='ltr'><strong>dediti</strong></span> <span class='ocrx_word' id='word_1_368' title='bbox 1294 2420 1506 2476; x_wconf 78' lang='lat' dir='ltr'><strong>viximus]</strong></span> 
     </span>
     <span class='ocr_line' id='line_1_42' title="bbox 45 2470 1508 2533; baseline 0.004 -20"><span class='ocrx_word' id='word_1_369' title='bbox 45 2470 274 2522; x_wconf 69' lang='grc' dir='ltr'><em>ἡοιοῦντες</em></span> <span class='ocrx_word' id='word_1_370' title='bbox 301 2471 356 2514; x_wconf 78' lang='grc' dir='ltr'><strong>τὰ</strong></span> <span class='ocrx_word' id='word_1_371' title='bbox 383 2470 616 2529; x_wconf 67' lang='grc' dir='ltr'><em>θελήματα</em></span> <span class='ocrx_word' id='word_1_372' title='bbox 643 2474 720 2529; x_wconf 73' lang='grc' dir='ltr'><strong>τῆς</strong></span> <span class='ocrx_word' id='word_1_373' title='bbox 738 2471 900 2530; x_wconf 66' lang='grc' dir='ltr'><em>σαρκός</em></span> <span class='ocrx_word' id='word_1_374' title='bbox 921 2476 1100 2516; x_wconf 77' lang='grc' dir='ltr'><em>καὶτῶν</em></span> <span class='ocrx_word' id='word_1_375' title='bbox 1123 2476 1330 2525; x_wconf 70' lang='grc' dir='ltr'><em>διανοιῶν</em></span> <span class='ocrx_word' id='word_1_376' title='bbox 1356 2479 1508 2533; x_wconf 83' lang='lat' dir='ltr'><strong>[quum</strong></span> 
     </span>
     <span class='ocr_line' id='line_1_43' title="bbox 45 2527 1510 2586; baseline 0.005 -17"><span class='ocrx_word' id='word_1_377' title='bbox 45 2527 247 2586; x_wconf 76' lang='lat' dir='ltr'><strong>coi-poris</strong></span> <span class='ocrx_word' id='word_1_378' title='bbox 277 2533 322 2571; x_wconf 87' lang='lat' dir='ltr'><strong>et</strong></span> <span class='ocrx_word' id='word_1_379' title='bbox 342 2529 653 2585; x_wconf 82' lang='lat' dir='ltr'><strong>cogitationum</strong></span> <span class='ocrx_word' id='word_1_380' title='bbox 681 2530 942 2583; x_wconf 78' lang='lat' dir='ltr'><strong>desideriis,</strong></span> <span class='ocrx_word' id='word_1_381' title='bbox 969 2530 1256 2586; x_wconf 87' lang='lat' dir='ltr'><strong>libidinibus,</strong></span> <span class='ocrx_word' id='word_1_382' title='bbox 1280 2535 1510 2576; x_wconf 72' lang='lat' dir='ltr'><strong>satisface-</strong></span> 
     </span>
     <span class='ocr_line' id='line_1_44' title="bbox 45 2585 1510 2644; baseline 0.003 -17"><span class='ocrx_word' id='word_1_383' title='bbox 45 2597 213 2629; x_wconf 75' lang='lat' dir='ltr'><strong>remus,</strong></span> <span class='ocrx_word' id='word_1_384' title='bbox 270 2585 570 2640; x_wconf 79' lang='lat' dir='ltr'><strong>Cogitationes</strong></span> <span class='ocrx_word' id='word_1_385' title='bbox 590 2586 698 2629; x_wconf 80' lang='lat' dir='ltr'><strong>dicit</strong></span> <span class='ocrx_word' id='word_1_386' title='bbox 713 2588 1020 2642; x_wconf 85' lang='lat' dir='ltr'><strong>cogitationis,</strong></span> <span class='ocrx_word' id='word_1_387' title='bbox 1048 2588 1080 2632; x_wconf 81' lang='lat' dir='ltr'><strong>i.</strong></span> <span class='ocrx_word' id='word_1_388' title='bbox 1101 2603 1142 2633; x_wconf 84' lang='lat' dir='ltr'><strong>e.</strong></span> <span class='ocrx_word' id='word_1_389' title='bbox 1169 2588 1510 2644; x_wconf 78' lang='lat' dir='ltr'><strong>imaginationis,</strong></span> 
     </span>
     <span class='ocr_line' id='line_1_45' title="bbox 45 2641 1512 2706; baseline 0.002 -22"><span class='ocrx_word' id='word_1_390' title='bbox 45 2641 267 2693; x_wconf 82' lang='lat' dir='ltr'><strong>ludibria,</strong></span> <span class='ocrx_word' id='word_1_391' title='bbox 295 2643 454 2700; x_wconf 88' lang='lat' dir='ltr'><strong>quibus</strong></span> <span class='ocrx_word' id='word_1_392' title='bbox 474 2643 646 2702; x_wconf 83' lang='lat' dir='ltr'><strong>decepti</strong></span> <span class='ocrx_word' id='word_1_393' title='bbox 665 2645 758 2686; x_wconf 81' lang='lat' dir='ltr'><strong>fore</strong></span> <span class='ocrx_word' id='word_1_394' title='bbox 789 2649 836 2685; x_wconf 86' lang='lat' dir='ltr'><strong>ut</strong></span> <span class='ocrx_word' id='word_1_395' title='bbox 855 2644 1077 2700; x_wconf 81' lang='lat' dir='ltr'><strong>egregiam</strong></span> <span class='ocrx_word' id='word_1_396' title='bbox 1099 2658 1189 2688; x_wconf 86' lang='lat' dir='ltr'><strong>rem</strong></span> <span class='ocrx_word' id='word_1_397' title='bbox 1215 2645 1512 2706; x_wconf 70' lang='lat' dir='ltr'><strong>adipiscamur</strong></span> 
     </span>
     <span class='ocr_line' id='line_1_46' title="bbox 47 2698 1509 2759; baseline 0.003 -19"><span class='ocrx_word' id='word_1_398' title='bbox 47 2711 181 2755; x_wconf 83' lang='lat' dir='ltr'><strong>quum</strong></span> <span class='ocrx_word' id='word_1_399' title='bbox 202 2699 425 2757; x_wconf 79' lang='lat' dir='ltr'><strong>appetitus</strong></span> <span class='ocrx_word' id='word_1_400' title='bbox 446 2698 578 2743; x_wconf 83' lang='lat' dir='ltr'><strong>duces</strong></span> <span class='ocrx_word' id='word_1_401' title='bbox 606 2699 784 2758; x_wconf 73' lang='lat' dir='ltr'><strong>sequuti</strong></span> <span class='ocrx_word' id='word_1_402' title='bbox 803 2701 1016 2743; x_wconf 76' lang='lat' dir='ltr'><strong>fuerimus</strong></span> <span class='ocrx_word' id='word_1_403' title='bbox 1039 2705 1279 2759; x_wconf 75' lang='lat' dir='ltr'><strong>putamuSJ.</strong></span> <span class='ocrx_word' id='word_1_404' title='bbox 1345 2704 1446 2747; x_wconf 70' lang='lat' dir='ltr'><strong>Gal.</strong></span> <span class='ocrx_word' id='word_1_405' title='bbox 1468 2704 1509 2754; x_wconf 74' lang='lat'><strong>5,</strong></span> 
     </span>
     <span class='ocr_line' id='line_1_47' title="bbox 50 2753 1508 2819; baseline 0.002 -21"><span class='ocrx_word' id='word_1_406' title='bbox 50 2757 122 2808; x_wconf 75' lang='lat'><strong>19.</strong></span> <span class='ocrx_word' id='word_1_407' title='bbox 149 2756 179 2798; x_wconf 90' lang='grc'><strong>2</strong></span> <span class='ocrx_word' id='word_1_408' title='bbox 197 2753 319 2802; x_wconf 83' lang='lat' dir='ltr'><strong>Petr.</strong></span> <span class='ocrx_word' id='word_1_409' title='bbox 335 2757 378 2810; x_wconf 91' lang='lat'><strong>2,</strong></span> <span class='ocrx_word' id='word_1_410' title='bbox 400 2757 469 2803; x_wconf 79' lang='lat'><strong>18.</strong></span> <span class='ocrx_word' id='word_1_411' title='bbox 501 2759 526 2800; x_wconf 91' lang='grc'><strong>1</strong></span> <span class='ocrx_word' id='word_1_412' title='bbox 547 2757 650 2803; x_wconf 78' lang='lat' dir='ltr'><strong>Joh.</strong></span> <span class='ocrx_word' id='word_1_413' title='bbox 671 2759 712 2812; x_wconf 85' lang='lat'><strong>2,</strong></span> <span class='ocrx_word' id='word_1_414' title='bbox 737 2758 807 2803; x_wconf 71' lang='grc'><strong>16.</strong></span> <span class='ocrx_word' id='word_1_415' title='bbox 871 2756 975 2801; x_wconf 82' lang='lat' dir='ltr'><strong>Non</strong></span> <span class='ocrx_word' id='word_1_416' title='bbox 996 2771 1095 2802; x_wconf 84' lang='lat' dir='ltr'><strong>esse</strong></span> <span class='ocrx_word' id='word_1_417' title='bbox 1119 2757 1199 2816; x_wconf 70' lang='grc' dir='ltr'><strong>τὴν</strong></span> <span class='ocrx_word' id='word_1_418' title='bbox 1216 2757 1360 2819; x_wconf 77' lang='grc' dir='ltr'><em>σάρκα</em></span> <span class='ocrx_word' id='word_1_419' title='bbox 1381 2760 1508 2802; x_wconf 73' lang='lat' dir='ltr'><strong>Rom.</strong></span> 
     </span>
    </p>
   </div>
   <div class='ocr_carea' id='block_1_3' title="bbox 141 2846 152 2863">
    <p class='ocr_par' dir='ltr' id='par_1_18' title="bbox 141 2846 152 2863">
     <span class='ocr_line' id='line_1_48' title="bbox 141 2846 152 2863; baseline 0 0"><span class='ocrx_word' id='word_1_420' title='bbox 141 2846 152 2863; x_wconf 59' lang='lat' dir='ltr'>N</span> 
     </span>
    </p>
   </div>
  </div>
 </body>
</html>
