1752 3347
610 145 1186 195 PROLEGOMENA.
1559 159 1632 187 xm

161 256 366 297 ordinaria
389 256 462 295 illa
486 256 637 306 ‹piidem
661 255 890 306 difficilique
912 258 961 296 ad
984 254 1290 307 explicandum,
1323 255 1394 293 sed
1413 255 1630 294 divinitus

161 322 290 355 tamen
323 314 461 354 oblata
492 314 664 353 Paulum
692 315 742 352 ab
785 327 922 353 errore
955 315 1003 355 ad
1038 312 1249 352 veritatem
1276 311 1500 350 traductum
1528 324 1630 352 esse.

160 373 411 422 Quamquam
434 369 676 421 scriptorum
697 384 731 412 s.
754 371 953 410 sententia
979 370 1137 410 minime
1168 371 1340 409 obscura
1360 374 1436 409 cst.
1493 368 1628 408 Lucas

158 429 260 470 enim
283 441 363 468 rem
379 428 587 467 miraculis
607 429 787 468 cll'cctam
809 428 964 468 censuit
985 429 1124 479 Acce,
1138 426 1250 477 3.sq.
1273 424 1341 466 10.
1356 439 1415 477 sq.
1434 425 1630 477 22‚6,sq.

159 487 227 537 26,
250 487 316 526 12.
332 498 414 535 sq.:
445 498 571 535 neque
590 486 638 527 1‘.
658 486 876 537 dubitavit,
908 486 1004 535 quin
1024 484 1102 525 sibi
1123 497 1244 535 quum
1264 483 1511 523 Damascum
1533 496 1630 522 con-

159 543 332 582 tenderet
352 542 542 582 Christus
563 543 718 583 rellicta
740 542 852 581 coelo
872 542 1007 582 divina
1026 543 1114 582 luce
1136 542 1290 582 cinctus
1312 540 1475 580 obviam
1496 540 1631 580 factus

158 599 298 649 tuerit,
327 606 368 638 nt
390 601 438 638 ab
463 613 598 639 errore
620 606 851 638 revocatum
868 599 1051 640 Ananiae
1075 599 1200 649 opera
1216 598 1459 650 Apostolum
1479 596 1631 638 eonsti-

157 663 281 696 tueret
320 655 434 710 (Gal.
461 658 500 707 1,
522 658 559 696 l.
603 657 625 696 l
650 655 743 696 Cor.
764 657 864 706 9,1.
907 657 973 706 15,
999 656 1039 696 8.
1083 656 1134 697 cl.
1156 658 1244 696 Act.
1284 670 1317 697 e.
1347 655 1386 696 9.
1417 655 1486 695 22.
1514 653 1628 707 26.)‚

157 725 356 764 saepeque
389 712 576 764 deinceps
609 719 779 751 mentem
804 711 892 762 sibi,
910 712 1080 751 moverit
1108 713 1299 752 divinitus
1329 712 1438 767 (Act.
1465 711 1534 763 16,
1562 709 1632 752 10.

158 770 224 821 18,
247 768 313 809 10.
350 769 418 821 22,
442 770 508 810 17.
551 769 620 819 23,
644 771 711 810 11.
754 770 780 808 2
803 769 896 809 Cor.
918 770 986 820 12,
1010 770 1046 809 1.
1067 782 1128 820 sq.
1168 769 1259 811 Gal.
1280 770 1321 819 2,
1345 769 1419 819 2.).
1478 770 1633 818 Quam-

157 827 294 866 obrem
315 827 534 866 doctrinam
555 827 699 868 christ.
720 826 770 865 ab
792 825 951 866 homine
980 839 1023 866 se
1047 826 1253 877 accepisse
1283 832 1425 878 negat,
1467 826 1631 866 Christo

156 898 199 923 se
221 884 547 923 extraordinario
571 883 767 934 magistro
787 897 904 923 usum
924 896 1014 923 esse
1032 888 1243 923 asseverat
1268 882 1359 924 Gal.
1379 885 1419 934 l,
1433 883 1520 926 12..
1551 882 1630 923 Ce-

155 950 282 980 terum
304 947 413 980 tanto
434 954 531 982 sane
552 940 596 981 P.
624 941 783 993 ingenio
806 941 880 979 fuit
905 947 1093 991 tantaque
1121 939 1341 979 eruditione
1362 940 1550 992 judaica,
1590 945 1632 979 ut

154 1011 273 1048 quum
293 998 559 1050 principalem
581 998 840 1047 sententiam,
871 1011 922 1037 ex
942 998 1022 1048 qna
1042 997 1177 1037 omnia
1198 996 1348 1037 ssuunt:
1389 996 1631 1049 Jesusfm‘t

160 1055 341 1095 Messias
354 1086 368 1105 ,
398 1058 476 1108 que*
493 1063 635 1096 totum
651 1069 793 1106 genus
814 1054 1075 1108 humanum,
1105 1062 1158 1095 ut
1182 1053 1230 1096 V
1224 1083 1238 1095 .
1263 1053 1317 1094 T.
1344 1056 1529 1094 oracula
1552 1067 1629 1093 ra-

152 1121 199 1151 ta
212 1110 411 1165 fierent,
448 1114 678 1165 supplicio
704 1126 781 1152 suo
810 1115 1042 1164 expiavit:
1084 1111 1423 1163 approbavisset,
1454 1111 1519 1150 vel
1545 1110 1631 1150 sine

156 1170 349 1219 magistro
375 1175 412 1207 ct
438 1169 572 1208 omnia
598 1182 618 1206 e.
640 1169 690 1210 V.
715 1169 764 1209 T.
784 1182 925 1208 eruere
952 1181 1055 1219 quae
1082 1169 1212 1208 docuit
1233 1175 1271 1207 et
1290 1167 1326 1207 ci
1346 1167 1445 1208 artis
1462 1168 1632 1219 formae,

153 1227 212 1264 cui
236 1225 435 1277 illigavit,
467 1225 668 1264 includere
695 1226 878 1275 potuisse
896 1225 1079 1266 videatur
1097 1228 1151 1273 (v.
1168 1224 1344 1267 Winerz·
1361 1225 1468 1268 Qibt.
1486 1225 1631 1267 θῗεαῐω.

155 1283 201 1331 ll,
224 1283 357 1334 516.).
416 1281 624 1321 Neminem
647 1294 793 1320 numen
814 1282 893 1322 div.
914 1283 1024 1333 rapit
1047 1283 1239 1336 ίαν-113111,
1279 1296 1355 1333 quo
1378 1284 1538 1322 tendere
1563 1288 1631 1322 aut

155 1339 275 1387 nolit,
321 1345 388 1378 aut
414 1351 484 1388 per
514 1338 718 1387 ingenium
741 1351 789 1377 ne
820 1338 951 1389 possit
983 1339 1153 1389 quidem.
1210 1338 1326 1379 Unde
1356 1353 1405 1379 ne
1435 1339 1629 1379 miraculo

153 1396 309 1446 quidem
329 1396 379 1433 ad
400 1407 498 1444 rem,
531 1407 556 1434 a
576 1395 653 1446 qna
673 1402 855 1434 nostrum
878 1395 1097 1435 abhorreat
1115 1396 1338 1447 ingenium,
1369 1396 1513 1436 adduci
1532 1410 1629 1448 pos-

151 1465 305 1499 sumus.
364 1451 452 1500 Quo
480 1451 569 1490 nixi
594 1451 678 1492 VV.
705 1451 796 1491 DD.
826 1452 1023 1503 Paulum,
1064 1452 1196 1492 Virum
1222 1453 1398 1493 maxime
1428 1453 1630 1504 idoneum,

151 1509 218 1561 qui
238 1508 391 1549 Christi
413 1520 579 1549 causam
599 1508 760 1560 egregie
786 1507 997 1560 adjuvaret
1023 1509 1267 1560 Apostolus,
1304 1509 1443 1550 nobile
1468 1510 1543 1550 iter
1573 1511 1631 1550 ita

154 1566 292 1606 iniisse
311 1571 526 1617 putarunt,
565 1572 609 1605 nt
632 1577 778 1606 causae
799 1577 898 1605 suae
919 1565 1113 1617 probitati
1138 1565 1354 1614 diffideret3
1397 1567 1632 1608 inclinatum

153 1624 273 1674 igitur
299 1636 390 1663 esse
422 1622 619 1662 miraculo
641 1622 727 1675 jam
748 1622 824 1662 sna
847 1628 990 1674 sponte
1015 1623 1156 1663 leviter
1186 1623 1421 1674 impulsum.
1478 1625 1627 1674 Quem-

150 1682 362 1720 admodum
391 1680 498 1722 enim
522 1679 586 1719 vel
617 1680 800 1720 homines
829 1678 999 1720 fanatici
1026 1680 1298 1720 conscientiae
1325 1680 1407 1720 vim
1437 1694 1627 1722 nonnun-

151 1750 268 1790 quam
287 1738 550 1788 experiantur
571 1750 813 1788 suorumque
833 1736 1121 1778 maleficiorum
1143 1739 1315 1778 obscuro
1337 1739 1509 1789 quodam
1531 1753 1626 1780 sen-

149 1809 197 1836 su
230 1796 386 1846 passim
414 1800 656 1847 tangantur,
701 1795 760 1834 ita
787 1794 914 1835 Paulo
949 1794 1275 1835 carnificatorum
1301 1795 1627 1837 Christianorum

148 1852 420 1892 constantiam
443 1852 532 1892 Act.
552 1852 593 1902 7,
615 1852 706 1903 59.,
740 1851 977 1892 Gamalielis
998 1865 1117 1903 quam
1135 1854 1373 1893 recordatus
1398 1860 1504 1892 esset
1520 1854 1625 1893 leni-

149 1917 268 1950 tatem
285 1909 377 1949 Act.
397 1910 438 1960 5,
461 1908 531 1950 34.
555 1922 616 1960 sq.
640 1909 799 1960 aliaque
821 1909 1090 1950 dubitationes
1120 1909 1310 1962 injecisse
1328 1910 1393 1950 illi
1422 1911 1625 1953 dixerunt.

151 1967 200 2007 At
229 1972 381 2019 pugnat
405 1966 506 2006 haec
532 1966 751 2018 disputatio
783 1979 873 2006 cum
892 1967 1027 2007 Lucae
1053 1967 1313 2019 narratione,
1355 1981 1431 2019 qno
1461 1976 1625 2008 auctore

151 2024 318 2063 Paulum
339 2037 458 2074 quum
481 2022 808 2064 Christianorum
829 2031 983 2076 pestem
1000 2025 1176 2076 spiraret
1198 2024 1328 2076 primo
1351 2026 1522 2076 perculit
1545 2025 1623 2064 mi-

151 2081 356 2132 raculum,
396 2080 537 2120 deinde
556 2080 681 2121 tribus
708 2082 1002 2133 praeterlapsis
1032 2082 1173 2122 diebus
1199 2082 1381 2122 Ananias
1406 2096 1516 2133 eum,
1554 2082 1621 2133 qui

147 2138 325 2179 mirabili
345 2143 487 2177 eventu
511 2145 693 2178 accurate
713 2138 915 2190 pensitato
935 2139 1022 2191 jam
1039 2139 1229 2179 divinitus
1255 2153 1300 2179 se
1320 2140 1514 2179 monitum
1532 2152 1622 2179 cre-

148 2195 266 2245 didit,
297 2194 575 2235 Christiannm
594 2196 687 2235 fecit
706 2196 1004 2251 (v.querum
1021 2198 1071 2236 ad
1090 2197 1177 2237 Aet.
1200 2196 1296 2247 9,3.
1314 2210 1352 2248 p.
1367 2197 1498 2247 131.).
1544 2195 1621 2237 Di-

150 2252 241 2291 vina
258 2252 398 2302 procul
422 2252 539 2291 dubio
552 2252 668 2292 Pauli
691 2260 784 2293 sunt
803 2255 849 2293 de
870 2254 1082 2306 relligione
1098 2255 1238 2294 christ.
1260 2252 1418 2302 merita,
1446 2260 1488 2292 ut
1510 2267 1619 2294 sum-

152 2321 236 2347 mus
256 2309 480 2359 Apostolus
505 2310 728 2350 rectissime
752 2310 977 2363 judicetur,
1019 2311 1164 2363 quippe
1194 2310 1259 2362 qui
1280 2323 1397 2361 quum
1424 2323 1619 2351 summam

154 2365 359 2416 pietatem,
396 2366 733 2416 impensissimnm
755 2366 930 2408 studium
958 2368 1172 2419 invictique
1194 2367 1316 2407 animi
1336 2368 1458 2407 robur
1476 2381 1502 2408 a
1523 2368 1619 2408 Mo-

149 2422 206 2461 sis
236 2421 426 2462 institutis
456 2425 506 2463 ad
532 2423 686 2465 Christi
716 2438 881 2465 cansam
907 2426 1181 2474 traduxisset,
1219 2423 1445 2464 doctrinam
1473 2425 1618 2467 christ.

147 2492 239 2518 eum
259 2491 412 2519 summo
434 2492 505 2519 sno
524 2480 665 2522 labore
685 2490 721 2522 et
746 2481 926 2533 periculo
957 2483 985 2522 2
1005 2482 1102 2524 Cor.
1123 2482 1190 2532 11,
1212 2481 1283 2522 23.
1301 2494 1364 2533 sq.
1389 2481 1432 2520 in
1451 2482 1617 2523 dissitas

149 2536 332 2587 regiones
356 2537 566 2587 pertulerit
583 2539 670 2580 Act.
694 2539 762 2589 13,
780 2540 823 2580 2.
843 2553 954 2591 sqq.,
984 2538 1139 2580 Christi
1169 2538 1423 2589 disciplinam
1450 2540 1616 2579 nniver-

148 2607 235 2633 snm
260 2606 388 2644 genus
414 2593 633 2633 humanum
656 2595 863 2647 complecti
893 2604 930 2635 et
957 2602 1061 2635 recte
1082 2595 1323 2636 intellexerit
1342 2596 1462 2639 Rom.
1484 2598 1524 2648 1,
1543 2597 1611 2638 16.

148 2651 218 2701 11,
234 2650 304 2691 32.
334 2656 371 2690 et
397 2657 556 2690 strenue
584 2652 802 2692 defenderit
835 2653 926 2694 Gal.
945 2654 986 2704 2,
1008 2652 1049 2694 6.
1071 2666 1154 2704 sq.,
1191 2653 1319 2705 legem
1342 2666 1445 2696 mos·
1461 2686 1472 2704 ‚
1511 2666 1614 2705 quae

146 2714 337 2758 tanquam
362 2708 509 2759 aliquis
533 2721 668 2749 murus
696 2709 868 2749 Judaeos
899 2723 924 2749 a
947 2710 1120 2761 paganis
1151 2709 1362 2762 disclusit,
1400 2724 1426 2750 a
1446 2711 1612 2751 Christo

147 2764 340 2804 abolitam
359 2778 448 2806 esse
465 2772 502 2806 et
519 2766 686 2818 pulchre
701 2767 953 2818 perspexerit
971 2774 1006 2806 et
1024 2766 1183 2820 egregie
1204 2768 1422 2808 ostenderit
1443 2768 1611 2818 Rom.7‚

149 2823 187 2862 l.
209 2835 269 2872 sq.
300 2822 391 2863 Gal.
411 2823 453 2873 3,
475 2823 630 2877 15-4,
655 2825 723 2866 11.
759 2824 863 2874 Eph.
888 2823 1006 2874 l‚l4.
1021 2838 1083 2875 sq.
1107 2825 1185 2876 al„
1215 2825 1399 2876 exemplo
1422 2826 1608 2878 scriptis-
