1752 3347
229 237 287 279 66
510 231 896 278 EPISTOLA
926 233 1034 277 AD
1061 231 1431 280 ROMANOS

233 341 392 384 nibus
408 341 462 396 (i.
475 356 518 398 q.
536 340 654 383 dum
671 339 1011 395 coqitarent)
1028 339 1060 383 i.
1078 352 1119 384 e.
1138 339 1364 398 frustra
1380 341 1579 386 meditati
1594 348 1713 388 sunt.

236 395 365 442 Unde
386 393 486 440 ἀλλ’
509 395 574 449 ἐμ.
600 394 633 439 ἒ.
659 411 696 438 τ.
717 397 753 438 ὁ.
775 391 815 438 ἆ.
837 396 913 438 sed
929 396 1052 439 stulti
1069 401 1301 440 evaserunt
1326 397 1374 439 in
1400 399 1490 439 suis
1518 413 1540 440 c
1593 400 1714 443 itatis

231 453 346 498 idem
369 468 468 498 esse
489 453 710 505 arbitror,
740 451 856 510 quod
873 449 986 494 ἀλλὰ
1005 469 1036 506 μ
1051 449 1182 496 άται
1197 469 1248 495 οι
1274 451 1473 509 ἐγένοντο
1493 413 1712 498 οἱοέιαλο-

232 514 382 568 γισμοί
400 508 540 552 αὐτῶν
567 509 643 552 sed
669 509 932 553 hebetata
961 511 1024 566 (S.
1054 509 1269 564 obtusa)
1298 514 1400 552 sunt
1427 523 1574 552 eorum
1600 513 1711 568 συρί-

231 573 343 611 tatct.
405 567 478 608 καὶ
497 564 637 608 ἒσκοτ.
659 563 684 622 ἡ
708 563 975 616 ἀσύνετος
998 563 1143 608 αὐτῶν
1165 564 1348 624 καρδία]
1379 565 1621 626 Adjectiva
1648 570 1710 612 ita

229 639 253 667 a
278 623 462 667 Graecis
490 623 699 677 (maxime
725 637 752 665 a
781 622 928 681 poetis
955 623 1161 678 tragicis)
1188 624 1396 681 usurpari
1427 627 1626 677 constat,
1663 632 1710 668 ut

228 681 273 723 id
290 679 399 737 {laod
414 693 506 722 rem
527 680 797 736 consequitur
820 679 1046 722 declarent
1066 679 1170 735 [vid.
1186 680 1339 724 Herm.
1358 680 1415 722 ad
1432 681 1534 736 Vig.
1554 696 1599 739 p.
1609 680 1710 727 897.

227 741 271 779 et
291 749 411 778 meas
430 735 628 780 Dissert.
647 737 694 779 in
713 751 783 794 ep.
801 735 845 780 2.
867 736 924 779 ad
946 736 1148 781 Corinth.
1168 735 1344 789 11‚159.
1363 739 1420 782 cl.
1439 737 1468 780 2
1487 737 1591 783 Cor.
1609 738 1710 791 4,4.

228 791 348 837 Phil.
369 793 495 846 3‚2l.
519 795 543 836 l
564 793 730 838 Thess.
746 793 911 848 3‚13.].
972 793 1073 850 Quo
1097 809 1182 836 usu
1214 794 1259 835 in
1286 794 1399 836 hunc
1426 795 1459 839 l.
1490 795 1711 838 translato

227 850 298 892 hie
318 864 475 893 sensus
497 851 614 894 exit:
643 855 685 894 et
703 851 892 894 tenebris
911 850 1090 894 obducta
1111 856 1175 893 est
1197 865 1341 892 eornm
1365 866 1509 904 mens,
1547 857 1592 896 ut
1621 854 1709 908 (os-

224 907 339 950 fusis
357 907 575 962 tenebris)
595 907 839 950 absurda
866 912 1030 952 esset.
1089 909 1158 950 At
1176 921 1317 964 neque
1337 908 1486 950 facilis
1509 914 1580 951 est
1602 909 1709 951 haec

222 965 534 1022 interpretatio
553 969 598 1006 et
615 963 830 1017 debilem,
869 964 957 1005 nisi
976 979 1097 1006 meus
1119 978 1186 1006 me
1214 979 1371 1006 sensus
1403 964 1546 1017 fallit,
1586 966 1708 1008 sistit

222 1021 503 1065 sententiam.
572 1020 702 1065 Certe
735 1021 967 1077 gentilium
1006 1027 1193 1063 mentem
1225 1021 1414 1076 caligine
1444 1021 1587 1063 offusa
1618 1024 1707 1065 ine-

224 1083 348 1133 ptam
383 1077 603 1120 redditam
638 1093 738 1120 esse
775 1082 934 1144 sponte
969 1077 1322 1132 intelligebatur.
1405 1076 1530 1121 Illud
1567 1082 1707 1132 taceo,

224 1134 343 1192 quod
361 1149 403 1179 v.
425 1133 667 1191 ἐσκοτίσθη
689 1135 776 1176 alio
797 1139 1086 1191 interpretem
1108 1134 1245 1178 ducit.
1302 1132 1420 1177 Nam
1444 1149 1577 1192 quum
1598 1150 1705 1177 σκο-

220 1193 434 1248 τισθῆναι
468 1191 617 1235 verbis
657 1187 681 1247 ἦ
720 1188 930 1240 ἀσύνετος
963 1188 1107 1232 αὐτῶν
1146 1188 1309 1247 καρδία
1337 1204 1423 1233 non
1449 1192 1545 1234 sine
1573 1194 1705 1235 causa

220 1249 523 1306 praepositum
544 1263 640 1291 esse
664 1247 866 1291 videatur
891 1245 1027 1304 idque
1055 1247 1100 1289 vi
1128 1248 1209 1288 sua
1238 1247 1341 1305 plus
1369 1248 1429 1290 sit
1459 1263 1590 1306 quam
1613 1264 1705 1301 μα-

218 1307 475 1359 ταιωθῆναι
496 1304 631 1361 (illud
651 1320 691 1349 v.
719 1318 957 1356 summum,
997 1309 1081 1361 qua
1112 1304 1227 1346 nihil
1255 1303 1407 1347 videas
1433 1310 1510 1348 aut
1539 1305 1706 1348 intelli-

219 1375 324 1417 gas,
368 1361 485 1419 Eph.
516 1362 643 1415 4,18.
670 1362 802 1405 Rom.
831 1363 1006 1415 11‚10.,
1054 1361 1134 1403 hoc
1161 1375 1389 1417 magnam,
1434 1363 1521 1419 qua
1548 1377 1704 1421 parum

216 1418 476 1475 assequaris
520 1418 742 1462 inscitiam
787 1418 969 1473 infert),
1021 1417 1261 1478 Adjectivo
1310 1416 1521 1469 ἀσύνετος
1567 1418 1624 1462 ad
1661 1434 1702 1462 v.

216 1475 449 1533 superiora
472 1473 913 1531 ἐματαιώθησαν
935 1473 967 1518 ε’.
990 1491 1027 1518 τ.
1052 1476 1088 1516 ὁ.
1112 1492 1152 1517 α.
1177 1476 1318 1517 relato
1339 1475 1512 1520 invoco.
1537 1472 1636 1518 ἀλλ’
1655 1474 1703 1518 ἐ-

215 1529 546 1588 ματαιώθησαν
565 1557 622 1564 -
640 1557 696 1564 —-
713 1530 877 1585 καρδία
893 1532 1195 1588 yradate'onem
1224 1546 1438 1587 agnosco,
1470 1547 1581 1589 quae
1609 1533 1702 1575 sor-

215 1591 335 1631 tasse
358 1588 575 1631 neminem
593 1588 910 1646 praeterisset,
939 1587 979 1629 si
1001 1586 1054 1631 P.
1074 1584 1098 1643 ἧ
1125 1586 1342 1640 ματαία
1373 1586 1519 1631 αὐτῶν
1539 1587 1703 1647 καρδία

214 1659 296 1702 pro
319 1639 345 1701 ἢ
365 1642 632 1694 ἀσύνετος
650 1641 688 1686 ἀ.
711 1662 748 1685 κ.
771 1658 933 1701 ponere
954 1644 1210 1687 maluisset:
1241 1645 1317 1686 sed
1334 1649 1459 1700 stup
1473 1659 1532 1688 or
1552 1660 1700 1689 eorum

214 1702 493 1757 coqitationes
510 1701 733 1756 occupavit
754 1706 796 1743 et
815 1700 971 1743 teneb
984 1702 1031 1744 re'
1041 1715 1062 1741 s
1080 1700 1265 1743 obducta
1285 1705 1350 1744 est
1372 1702 1602 1756 stupida
1630 1717 1699 1744 eo-

212 1771 310 1800 rum
326 1772 447 1800 mens
466 1758 497 1802 i.
556 1789 567 1801 .
585 1758 664 1800 sed
681 1758 725 1800 e‘n
746 1771 955 1799 summam
973 1771 1002 1812 p
1015 1757 1262 1799 ederenti
1271 1771 1313 1799 m
1341 1758 1560 1800 inscitiam
1578 1758 1695 1801 dela-

209 1815 279 1870 psi
308 1819 426 1858 sunt.
544 1846 556 1858 .
584 1814 642 1856 22
677 1818 723 1856 et
748 1815 820 1858 23.
868 1813 1015 1869 Magis
1045 1813 1090 1856 h.
1123 1813 1157 1858 l.
1191 1812 1243 1857 P.
1274 1819 1376 1856 ante
1407 1813 1524 1857 dicta
1552 1829 1595 1860 τ’.
1621 1815 1698 1859 21.

212 1866 311 1912 ἀλλ’
334 1867 687 1928 ἐματαιώθησαν
707 1887 744 1912 κ.
765 1886 801 1912 τ.
823 1870 859 1912 λ.
885 1870 1123 1923 dilucidat,
1167 1869 1284 1927 quod
1312 1885 1410 1913 eum
1471 1886 1519 1913 er
1538 1872 1696 1929 Asyn-

212 1925 342 1970 deton
369 1931 489 1969 recte
514 1929 660 1970 facere
687 1932 861 1970 constat
889 1927 995 1983 [vid.
1014 1928 1144 1970 Diss.
1177 1929 1220 1969 in
1252 1929 1280 1968 2
1312 1943 1383 1986 ep.
1411 1886 1467 1970 ag
1494 1928 1598 1973 Cor.
1629 1927 1699 1982 Il,

212 1997 257 2042 p.
281 1985 380 2029 107.
397 1984 453 2028 cl.
475 1982 664 2029 Philem.
681 2000 722 2030 v.
746 1987 853 2037 ΠΜ.
918 1982 1112 2027 woicam
1131 1983 1328 2026 declarat
1349 1986 1575 2040 dictitare,
1608 1999 1696 2033 nor:

211 2043 347 2097 geben.
403 2040 524 2094 Adi,
554 2042 594 2084 si
616 2056 751 2100 opus,
789 2041 964 2086 Bnttm.
990 2044 1100 2095 aust.
1131 2056 1188 2098 gr.
1220 2044 1411 2095 &Em-adn.
1441 2039 1491 2095 Ι,
1521 2057 1566 2101 p.
1592 2043 1695 2087 56⁴.

211 2098 267 2142 cl.
307 2097 457 2142 Wetst.
488 2102 535 2141 et
564 2099 706 2154 Kyplc.
741 2097 798 2140 ad
826 2099 871 2142 h.
897 2099 948 2142 1..
1013 2098 1112 2142 Hoc
1141 2099 1394 2154 significatu
1423 2099 1557 2142 etiam
1587 2100 1696 2144 Act.

207 2155 282 2208 24,
292 2156 335 2198 9.
355 2154 684 2207 (Συνεπέθεντο
705 2156 753 2198 δὲ
772 2157 848 2197 καὶ
867 2152 910 2198 οἱ
926 2151 1160 2207 Ἰουδαῖοι,
1203 2154 1280 2213 φα
1295 2170 1490 2198 σκοντε
1504 2172 1526 2206 ς
1554 2159 1694 2198 ταῦτα

211 2208 352 2262 οὕτως
387 2208 514 2263 ἔχειν.
546 2237 602 2244 -
640 2212 747 2256 haec
785 2213 849 2255 ita
883 2211 1042 2255 habere
1075 2211 1137 2270 fa
1149 2213 1225 2254 Iso
1259 2213 1694 2267 praedicantes:

210 2281 310 2310 nam
330 2268 445 2310 fictis
463 2268 724 2312 criminibus
745 2275 789 2312 et
808 2283 920 2325 quae
940 2268 995 2314 P.
1016 2284 1116 2311 mox
1147 2267 1278 2311 diluit
1304 2283 1370 2313 vs.
1392 2269 1453 2311 lo
1477 2284 1547 2326 sq.
1578 2269 1695 2313 Ter-

208 2325 350 2368 tullus
370 2326 643 2381 Apostolum
664 2331 874 2369 onerarat
891 2341 932 2370 V.
954 2327 998 2370 5.
1019 2327 1111 2383 sq.)
1128 2326 1198 2375 25,
1215 2327 1283 2369 19.
1304 2328 1380 2382 (—
1403 2326 1475 2368 καί
1496 2326 1693 2382 περίτι-

209 2397 283 2431 νος
298 2379 440 2438 Ἰησοῦ
459 2379 752 2440 τεθνηκότος,
783 2376 833 2424 ὃν
853 2379 1034 2439 ἔφασκ
1049 2398 1069 2425 ε
1084 2399 1104 2424 ν
1123 2378 1138 2424 ἑ
1168 2383 1351 2432 Παῦλος
1374 2380 1460 2438 ζῆν.
1485 2409 1539 2416 -
1568 2397 1692 2449 quem

214 2437 264 2481 P.
285 2439 423 2482 viz-ere
440 2439 634 2494 perh-ib
651 2440 744 2483 uit.
804 2438 964 2496 Neque
983 2439 1098 2481 enim
1121 2438 1149 2483 J
1152 2454 1274 2481 esum
1296 2444 1516 2482 mortuum
1544 2453 1691 2483 vivere

209 2492 370 2538 Festus
407 2495 635 2554 credidit.)
669 2495 861 2552 legitur,
909 2496 987 2538 ubi
1026 2495 1223 2538 Wahlsus
1260 2496 1427 2554 aliique
1462 2495 1691 2554 affirmare

212 2553 327 2595 male
347 2553 588 2610 explicant.
646 2555 792 2612 Apoc.
815 2552 914 2607 2,2.
934 2567 1038 2596 vere
1060 2553 1229 2597 Griesb.
1255 2551 1462 2608 λέγοντας
1488 2553 1689 2611 reposuit

241 2621 290 2649 ro
312 2606 564 2662 φάσκοντας
580 2611 854 2666 qlossemate.
910 2609 1132 2667 (Attende
1153 2610 1216 2653 ihi
1234 2609 1290 2652 ad
1308 2624 1349 2653 v.
1372 2611 1446 2652 καὶ
1467 2606 1546 2652 οὐκ
1564 2606 1690 2665 εἶσί.)

209 2621 340 2719 {Mod
359 2671 501 2709 autem
519 2667 568 2712 P.
591 2668 697 2712 haee
715 2666 845 2711 dicit:
873 2682 1005 2725 quum
1024 2682 1070 2710 se
1088 2668 1305 2722 sapientes
1325 2680 1416 2709 esse
1432 2665 1687 2709 dictitarent

209 2722 371 2776 stupidi
411 2730 638 2767 eraserunt
675 2739 781 2768 sane
815 2739 1087 2783 paganorum
1117 2738 1163 2766 sa
1203 2724 1381 2766 ientiam
1410 2721 1554 2765 obiter
1584 2736 1685 2779 per-

209 2778 391 2833 stringit
414 2780 488 2831 [ef.
508 2781 682 2826 Erasm.
704 2788 748 2824 et
766 2781 1015 2837 Rueck-ern]
1047 2780 1178 2826 Credi
1213 2781 1271 2823 ile
1301 2784 1394 2833 est,
1430 2777 1526 2836 Ap.
1555 2793 1684 2836 prae-

211 2836 510 2878 stantissimos
524 2838 793 2880 Graecorum
815 2839 1100 2896 philosophos
1121 2852 1204 2881 non
1226 2837 1406 2893 legisse,
1435 2835 1514 2878 sed
1534 2836 1684 2893 cogni-

203 2897 274 2935 tos
293 2896 463 2935 tantum
483 2892 691 2937 habuisse
709 2895 1024 2939 subrostranos
1043 2896 1147 2938 illos
1170 2895 1458 2946 clamatores,
1492 2894 1566 2949 qui
1596 2907 1679 2952 pro
