1752 3347
188 160 276 205 230
463 161 842 208 EPISTOLA
872 164 975 206 AD
1007 163 1374 208 ROMANOS

193 269 336 321 galeni
364 267 623 324 dignitatem
652 267 956 323 vindicarunt,
994 269 1068 311 uhi
1095 284 1190 311 cum
1208 268 1390 312 Christo
1417 275 1566 314 essent
1593 284 1663 312 re-

192 325 372 377 gnaturi
402 333 442 367 et
465 328 534 383 jus
555 326 700 368 daturi
723 326 895 380 angelis
918 329 979 380 (v.
996 327 1025 367 2
1042 326 1163 370 Tim.
1180 327 1230 377 2,
1252 326 1321 369 12.
1382 326 1405 367 1
1424 325 1527 371 Cor.
1546 329 1590 395 p,
1618 328 1664 371 2.

194 380 250 423 cl.
288 376 520 438 Apoc.'1‚
557 385 600 426 6.
650 384 732 434 20,
763 385 807 426 6.
866 382 1028 427 Matth.
1060 383 1136 435 19,
1167 384 1238 427 28.
1298 383 1409 425 Luc.
1443 381 1524 434 22,
1552 385 1663 436 30).

193 435 323 490 Quod
359 438 490 479 decus
529 438 612 496 jam
648 439 895 495 antiquitus
930 439 1072 480 Deum
1111 455 1244 496 quum
1280 440 1341 483 V.
1371 438 1429 481 T.
1471 440 1664 482 oraculis

191 493 278 549 piis
299 493 490 537 Messiae
511 488 756 537 cultoribus
778 496 1022 553 pollicitum
1046 511 1144 538 esse
1166 502 1256 539 tum
1280 495 1536 540 Ahrahamo
1557 496 1666 538 omi-

192 555 341 591 natum
368 551 472 608 jure
503 551 690 608 quodam
727 567 806 594 suo
836 555 1027 595 seriores
1048 552 1522 598 Judaeicrediderunt.
1581 551 1667 594 Ni-

188 605 253 648 hil
274 608 389 649 enim
411 607 620 650 Messian}
642 614 921 666 peracturum
947 622 1043 653 esse
1075 616 1307 667 putarunt,
1337 610 1423 652 nisi
1447 607 1564 666 quod
1594 622 1666 652 ve-

192 667 289 705 tera
319 666 499 707 oracula
537 666 730 708 futurum
771 666 1101 724 portendissent
1144 674 1189 710 et
1222 672 1563 710 consentaneum
1605 665 1666 707 iis

191 719 332 762 videri
376 721 588 774 debehat,
627 722 931 766 Abrahamum
962 724 1173 780 inclytum
1203 725 1351 780 gentis
1379 722 1665 776 conditorem,

191 777 262 818 cui
289 778 452 833 optima
485 794 686 836 quaeque
714 778 846 837 saepe
880 781 1002 823 Deus
1033 782 1337 838 promisisset,
1375 795 1426 821 ne
1457 781 1536 821 hoc
1564 779 1665 835 qui-

190 831 288 874 dem
310 834 519 878 Jehovam
541 837 777 890 celat-isse,
808 836 1076 880 destinatum
1099 853 1197 880 esse
1219 845 1263 880 et
1284 837 1370 894 ipsi
1402 843 1448 878 et
1471 836 1666 893 posteris

190 889 236 931 in
268 890 462 934 Messiae
493 893 669 935 civitate
696 891 944 951 imperium!
1010 897 1165 951 Atque
1191 894 1448 938 Abrahamo
1474 892 1667 949 promis-

192 961 288 990 sum
306 947 454 990 datum
471 964 594 1002 esse,
633 965 717 1007 quo
736 952 884 993 namdi
910 952 1104 992 dommus
1126 952 1492 1002 constitueretur,
1522 948 1666 990 diser-

192 1007 238 1044 te
267 1004 311 1049 h.
342 1005 375 1049 l.
409 1005 460 1050 P.
487 1007 680 1049 affirmat
706 1014 750 1050 et
779 1008 942 1049 similia
972 1007 1240 1049 contendunt
1269 1006 1481 1050 Rabbini.
1511 1005 1665 1047 Than-

192 1060 348 1104 chuma
391 1063 496 1116 165,
535 1065 575 1108 1.
611 1064 872 1107 Abrahamo
909 1089 966 1095 —
1003 1064 1129 1105 Deus
1176 1062 1490 1122 possidendum
1543 1061 1666 1104 dedit

191 1119 360 1160 coelum
391 1124 435 1162 et
461 1125 624 1162 terram
657 1121 706 1165 S.
728 1120 788 1164 D.
821 1122 935 1164 Gen.
960 1121 1036 1173 14,
1062 1122 1131 1165 19.
1188 1120 1425 1177 (Absurda
1456 1134 1560 1162 vero
1591 1134 1666 1162 ar·-

190 1177 487 1229 gumentati0:
530 1177 643 1233 quod
675 1176 1023 1219 Melchisedeeus
1056 1178 1202 1220 fausta
1220 1177 1479 1220 Abrahamo
1508 1191 1663 1234 preca-

189 1237 262 1273 tus
278 1237 347 1274 est
368 1248 389 1274 a
413 1248 618 1291 supremo
641 1234 740 1275 Deo
762 1234 874 1275 coeli
897 1240 940 1275 et
962 1238 1105 1276 terrae
1125 1233 1300 1277 domino
1332 1235 1437 1290 [imo
1466 1232 1667 1276 eondito-

189 1289 281 1343 re]‚
310 1288 473 1332 ideirco
499 1290 620 1332 Deus
643 1291 946 1333 Abrahamum
969 1292 1080 1333 coeli
1107 1296 1150 1333 et
1177 1297 1321 1336 terrae
1350 1291 1568 1333 dominum
1599 1291 1664 1333 se-

187 1345 304 1387 cisse
328 1346 574 1389 censendus
605 1348 741 1400 estl).
800 1347 1038 1390 Beinidhar
1068 1348 1125 1391 R.
1156 1350 1232 1402 14,
1255 1349 1365 1402 202,
1385 1350 1429 1392 3.
1487 1348 1662 1390 Hortus

191 1406 262 1443 est
299 1403 512 1456 mundus,
550 1418 673 1461 quem
700 1406 821 1446 Dens
858 1406 1040 1448 tradidit
1068 1406 1341 1459 Abrahamo,
1385 1405 1456 1447 cui
1497 1404 1663 1448 dictum

191 1462 285 1502 est:
326 1463 370 1500 et
397 1460 486 1501 eris
518 1460 763 1504 benedictio
796 1463 907 1506 Gen.
944 1462 1020 1513 12,
1044 1462 1087 1506 2.
1146 1462 1287 1519 (Ergo
1318 1477 1369 1505 eo
1400 1461 1517 1528 quod
1534 1461 1664 1504 Deus

189 1514 451 1559 Abrahamo
487 1516 603 1559 dixit
639 1532 752 1569 3:53,
784 1531 891 1574 :¹¹:2³3
931 1525 972 1560 et
1000 1524 1090 1560 esto
1128 1521 1356 1561 admodum
1392 1522 1660 1576 fortunatas,

187 1573 392 1614 mundam
431 1567 980 1628 Abrahmmi'tradidit!)
1030 1574 1256 1618 Midrasch
1293 1575 1482 1617 Mischle
1521 1573 1661 1618 XIX.

186 1626 463 1671 Mechilta‘in
487 1629 569 1673 Ex.
595 1631 671 1684 14,
695 1632 768 1675 31.
828 1631 931 1674 Νοιι
955 1631 1230 1674 haereditate
1293 1632 1462 1673 essedit
1483 1631 1662 1676 Abrah-

187 1708 240 1715 ——
271 1686 478 1727 mundum
508 1686 620 1728 hunc
651 1694 693 1729 et
724 1688 944 1741 futurum,
985 1688 1072 1730 nisi
1100 1704 1180 1746 per
1214 1646 1341 1731 fiziizm
1376 1688 1423 1732 S.
1451 1687 1512 1732 D.
1544 1689 1661 1732 Gen.

188 1740 267 1794 15,
295 1744 355 1786 6..
422 1743 494 1785 De
522 1758 572 1784 eo
601 1743 821 1801 disputari
862 1750 1031 1803 potest,
1071 1746 1230 1802 quihus
1258 1746 1446 1788 Genesis
1480 1746 1512 1788 l.
1546 1743 1661 1787 illud

185 1797 447 1841 Abrahamo
481 1799 627 1842 datum
672 1803 937 1859 promissum
976 1803 1191 1844 contineri
1229 1801 1281 1846 P.
1320 1803 1661 1847 existimare-it.

188 1854 331 1909 Quem
360 1856 470 1897 istas
500 1856 801 1900 Rabbinorum
832 1874 971 1913 nugas
999 1860 1213 1916 probasse
1232 1859 1337 1901 mihi
1367 1875 1450 1901 non
1476 1874 1660 1917 persua-

190 1911 272 1953 deo
299 1912 536 1969 ‘verbisque
569 1910 596 1969 ἢ
627 1915 689 1969 τῷ
719 1914 944 1969 σπέρματι
971 1913 1109 1957 αὐτοῦ
1139 1916 1357 1966 adducor,
1398 1924 1443 1958 ut
1474 1917 1569 1973 Ap.
1600 1916 1659 1958 iis

190 1969 382 2011 Genesis
410 1970 443 2013 l.
472 1970 735 2013 Abrahamo
773 1973 920 2014 mundi
959 1972 1209 2026 imperium,
1250 1973 1293 2015 h.
1321 1988 1360 2015 e.
1389 1973 1575 2027 reyalem
1613 1973 1660 2015 in

184 2025 381 2068 sslessiae
411 2027 583 2069 civitate
606 2029 863 2083 diquitatem
889 2028 1093 2086 portendi
1110 2030 1338 2071 censuisse
1356 2028 1552 2082 credam,
1581 2028 1659 2072 ubi

186 2082 449 2125 Abrahamo
480 2083 664 2142 ejusque
696 2086 888 2142 posteris
919 2086 1217 2128 Palaestinam
1249 2086 1373 2128 Deus
1413 2086 1661 2141 assignavit

186 2145 250 2193 (v.
273 2139 384 2182 Gon.
416 2141 492 2191 13,
515 2141 583 2184 15.
614 2142 671 2184 cl.
704 2142 778 2194 12,
797 2143 840 2186 7.
881 2144 959 2196 15,
980 2143 1087 2197 18.).
1141 2141 1256 2186 Nam
1279 2159 1410 2199 quum
1443 2145 1658 2185 collocato

186 2197 233 2238 in
258 2194 516 2240 Palaestina
562 2199 698 2240 ›acata
729 2198 952 2241 domicilio
984 2199 1206 2242 Hebraeis
1238 2201 1348 2242 nihil
1376 2201 1505 2253 vulgo
1535 2199 1657 2242 vide,-

185 2257 310 2295 retur
330 2254 503 2296 beatius
531 2213 630 2311 (¹Ps.
649 2255 726 2308 25,
751 2256 819 2299 13.
859 2257 938 2309 37,
958 2258 1000 2301 9.
1023 2259 1093 2301 11.
1113 2259 1220 2309 aL),
1250 2258 1282 2301 l.
1305 2273 1418 2313 quae
1442 2258 1657 2301 Palaesti-

185 2325 285 2352 nam
309 2310 568 2354 Abrahamo
595 2312 779 2371 ejusque
809 2315 1002 2371 posteris
1025 2314 1362 2357 haereditariam
1385 2314 1532 2356 sedem
1553 2329 1658 2357 con·

188 2367 426 2410 stituerent
444 2384 639 2411 summae
656 2368 860 2427 cujusque
883 2372 935 2412 iis
957 2372 1184 2428 felicitatis
1203 2387 1280 2428 per
1302 2372 1510 2426 ambages
1529 2386 1654 2428 spem

184 2424 332 2466 facere
354 2426 604 2468 existimari
623 2431 850 2484 poterant,
883 2443 968 2484 quo
998 2427 1123 2470 modo
1143 2429 1348 2472 Christus
1371 2429 1531 2473 Matth.
1551 2431 1592 2479 5,
1609 2428 1654 2474 ὅ.

185 2481 433 2526 notionem:
483 2497 695 2525 secnvmam
731 2485 854 2539 requi
888 2500 1015 2528 mess.
1051 2485 1302 2528 beatitatem
1341 2487 1536 2543 consequi
1573 2486 1653 2528 haic

181 2539 453 2593 proverbiali
484 2539 764 2595 loquutione,
804 2541 1090 2597 κληρονομεῖν
1120 2541 1199 2596 τὴν
1226 2544 1323 2599 γῆν,
1362 2543 1650 2586 Palaestinam

181 2593 321 2634 sedem
344 2597 543 2641 oblinere.
561 2596 822 2641 enuntiavit.
885 2597 949 2640 Eo
969 2607 1113 2640 autem
1139 2600 1313 2641 facilius
1337 2599 1412 2652 l’.‚
1444 2606 1489 2642 ut
1515 2598 1646 2656 majo-

183 2663 276 2690 rem
305 2656 347 2691 et
372 2653 630 2708 ampliorem
662 2669 752 2696 rem
768 2688 778 2703 ,
811 2669 938 2710 quam
963 2661 1010 2697 ut
1036 2656 1078 2697 in
1103 2655 1385 2699 Palaestinae
1406 2657 1648 2724 possessio-

182 2719 279 2747 nem
322 2709 546 2758 venirent.
595 2710 842 2753 Ahrahami
872 2713 1063 2769 posteris
1097 2714 1128 2757 l.
1160 2715 1190 2757 l.
1222 2715 1419 2771 promitti
1451 2711 1647 2755 crederet

182 2767 328 2804 motus
358 2770 450 2816 est,
489 2767 529 2807 si
559 2783 691 2824 quum
724 2769 836 2812 Gen.
869 2771 944 2820 13,
968 2771 1036 2814 15.
1070 2772 1147 2825 (cf.
1177 2773 1256 2820 17,
1279 2774 1344 2825 8.)
1374 2787 1413 2813 v.
1443 2770 1646 2823 :bt-az:

182 2826 402 2874 premeret
422 2835 561 2877 neque
590 2839 719 2880 posse
743 2825 770 2871 J
775 2825 938 2870 udaeos
962 2827 1252 2872 Palaestinam
1277 2830 1319 2871 in
1340 2827 1645 2882 sempiternam
