1752 3347
202 174 294 210 uu
456 133 458 135 ’
648 158 1225 210 ιἰιοιιεαοωΕΝΛ.

205 271 365 312 atianos
387 267 559 312 Claudio
579 270 802 323 imperante
822 268 975 312 Romae
992 269 1120 312 fuisse
1139 283 1190 311 ex
1216 270 1304 312 Aet.
1327 269 1398 322 18,
1419 270 1458 313 1.
1479 282 1567 324 sqq.
1596 282 1673 323 ap-

205 339 354 383 parere
371 334 484 379 putat
504 328 578 381 (cf.
596 327 838 370 Rueckert.
868 341 910 381 p.
929 327 1057 382 659.).
1083 327 1212 370 Male.
1270 327 1553 379 Praeterquam
1570 328 1674 368 enim

207 385 312 436 quod
335 384 552 428 Suetonius
573 385 720 428 Claud.
751 398 789 428 c.
807 384 880 430 25.
907 391 946 425 et
964 385 1099 426 Lucas
1120 384 1150 426 l.
1171 397 1209 428 c.
1236 383 1426 425 Iudaeos
1458 395 1484 422 a
1499 383 1673 425 Claudio

205 441 340 483 Roma
357 441 553 493 expulsos
573 455 663 483 esse
683 441 881 492 referunt,
910 441 1046 482 Lucae
1064 440 1243 482 narratio
1265 441 1325 481 sie
1347 447 1580 493 comparata
1598 448 1674 493 est,

206 504 251 540 ut
269 498 459 553 Aquilam
478 498 668 541 Corinthi
690 511 716 538 a
731 497 777 540 P.
796 498 848 539 ad
864 496 1155 539 Christisacra
1171 498 1384 539 adductum
1402 511 1514 549 esse,
1544 503 1677 538 atten-

205 563 270 596 tus
291 555 418 597 lector
449 554 683 598 existimare
711 554 854 596 debeat
884 556 942 604 (V.
971 553 1211 598 Reichium
1231 553 1264 606 1,
1285 553 1355 597 45.
1384 561 1422 595 et
1446 554 1678 609 Meyerum

207 613 259 654 ad
280 612 370 654 Aet.
388 612 457 663 18,
474 611 550 666 2.).
603 612 741 664 Neque
769 610 1028 654 Bertholdti
1058 611 1180 667 (ίξῐηῑ.
1211 625 1251 664 p.
1271 611 1418 666 3271.)
1447 611 1577 652 fuisse
1609 610 1678 663 qni

177 684 181 687 ¹
206 668 298 710 vivo
322 667 487 709 Christo
511 668 657 712 christ.
689 667 926 721 disciplinae
952 668 1137 710 notitiam
1153 669 1325 709 Romam
1355 668 1577 720 perferrent
1605 668 1680 722 (ef.

205 723 430 766 Clementis
451 724 571 767 Rom.
596 725 779 778 Recogn.
800 726 829 770 l.
851 727 892 767 1.
919 726 963 780 §.
984 725 1025 767 6.
1055 727 1119 769 ed.
1146 726 1328 770 coteler.
1347 726 1379 776 1,
1399 724 1500 769 488.
1523 731 1561 766 et
1584 724 1680 768 Joh.

204 782 278 832 12,
303 780 397 835 20.)
429 780 583 833 opinati
611 782 792 836 suspicio
810 782 1045 824 verisimilis
1077 790 1149 825 est.
1206 784 1314 824 Tum
1337 783 1571 833 Romanos,
1611 781 1681 834 qui

206 850 366 879 summo
382 837 580 879 miraculo
601 853 722 892 quum
738 839 924 892 Apostoli
945 854 1016 893 per
1035 852 1157 881 saera
1174 839 1466 892 pentecostalia
1486 839 1565 879 div.
1592 839 1681 891 spi·

204 895 288 936 ritu
306 894 437 936 afflati
456 894 823 938 diversissimarum
844 897 1048 940 nationum
1064 897 1216 949 linguis
1239 903 1443 938 uterentur
1469 896 1682 935 interfuis-

205 959 296 993 sent
318 952 405 993 Act.
423 952 466 1005 2,
487 952 555 996 10.
585 954 809 994 doctrinam
828 954 971 995 christ.
992 956 1163 995 Romam
1181 954 1382 994 rettulisse
1405 952 1682 1006 (witliche-

201 1009 265 1052 Iis
284 1008 386 1052 Εἰηῑ.
407 1023 445 1061 p.
462 1009 608 1063 1255.)
631 1011 722 1062 quis
743 1012 946 1063 praestet?
976 1011 1082 1052 Nam
1104 1025 1152 1051 ne
1174 1011 1265 1064 quid
1287 1010 1470 1050 miraculi
1492 1017 1574 1050 tum
1596 1009 1683 1049 edi-

206 1072 292 1107 tum
316 1065 436 1108 fuerit
453 1066 690 1120 Theologos
718 1068 972 1110 vehementer
993 1069 1175 1108 dubitare
1198 1069 1488 1117 demonstrem,
1526 1067 1682 1106 Roma-

203 1136 284 1166 nos
306 1135 378 1174 per
397 1122 494 1164 illas
517 1123 644 1166 ferias
664 1123 961 1178 Hierosolymis
983 1125 1111 1166 fuisse
1130 1139 1196 1164 res
1215 1125 1310 1176 ipsa
1330 1137 1427 1164 sane
1446 1125 1557 1163 docet
1571 1155 1582 1174 ,
1613 1124 1683 1163 sed

206 1193 261 1220 ex
280 1180 369 1222 Aet.
387 1180 430 1232 2,
453 1179 524 1223 10.
546 1181 710 1222 minime
733 1181 1006 1235 consequitur.
1064 1181 1228 1222 Scilicet
1249 1180 1478 1229 nationum,
1521 1192 1571 1220 ex
1592 1179 1684 1230 qui-

205 1235 285 1278 bus
309 1236 449 1278 Judaei
472 1243 555 1278 tum
579 1238 877 1291 Hierosolymis
897 1237 1047 1281 versati
1076 1237 1245 1288 suerint,
1283 1236 1529 1278 enumeratio
1549 1235 1685 1276 Lucae

205 1293 374 1335 artificio
402 1294 615 1336 tribuenda
644 1302 730 1348 est,
770 1295 840 1349 qni
872 1300 1107 1349 praesentes
1136 1293 1311 1334 Judaeos
1336 1294 1481 1334 mirum
1500 1293 1543 1334 in
1568 1292 1686 1334 Gali-

205 1350 313 1393 laeis
334 1350 599 1402 plurimarum
619 1351 853 1403 linguarum
878 1365 997 1391 usum
1024 1350 1084 1392 sio
1105 1351 1350 1391 admirantes
1381 1350 1497 1401 fecit,
1539 1357 1582 1388 ut
1602 1362 1685 1389 non

207 1407 382 1460 quidem,
414 1409 516 1459 quod
536 1421 605 1448 eos
626 1408 781 1448 dixisse
797 1413 1044 1460 compertum
1062 1409 1251 1448 haberet:
1281 1406 1511 1448 hiGalilaei
1529 1407 1687 1446 nullam

202 1464 476 1516 Judaeorum‚
506 1471 696 1519 quotquot
717 1479 822 1506 nnnc
843 1465 1138 1519 Hierosolymis
1159 1466 1373 1516 adsumus,
1404 1464 1583 1515 linguam
1604 1477 1686 1504 non

205 1521 382 1564 callentt
421 1535 491 1562 eos
512 1521 687 1574 profiteri
703 1523 882 1575 Juheret,
920 1523 989 1561 sed
1015 1534 1153 1562 eorum
1174 1522 1409 1562 sententiam
1433 1521 1564 1572 magis
1592 1522 1687 1560 illu-

205 1584 412 1619 straturus
435 1579 642 1630 oeulisque
671 1579 922 1631 subjecturus
954 1578 1220 1631 populorum,
1258 1578 1401 1629 quibus
1435 1579 1687 1629 potissimum

204 1635 326 1675 multi
350 1639 433 1675 tum
447 1635 591 1676 Judaei
613 1635 783 1675 immixti
799 1635 1004 1686 vixerunt,
1035 1635 1264 1687 catalogum
1285 1635 1334 1674 iis
1358 1635 1569 1686 subjiceret
1594 1636 1687 1678 Act.

204 1693 252 1744 2,
267 1692 310 1733 7.
331 1705 438 1743 sqq..
496 1691 629 1742 Quum
652 1706 728 1744 quo
751 1699 926 1743 tempore
946 1691 992 1732 P.
1014 1693 1066 1731 ad
1085 1691 1292 1732 Romanos
1318 1691 1455 1732 literas
1483 1693 1589 1731 dedit
1617 1705 1687 1731 ro·-

203 1760 333 1789 :maua
350 1748 526 1790 eeclesia
543 1749 722 1790 floruerit
742 1749 857 1791 Rom.
876 1749 917 1800 1,
935 1748 976 1790 8.
1001 1748 1071 1801 16,
1090 1748 1132 1790 5.
1150 1747 1296 1791 10.11.
1309 1749 1377 1789 14.
1397 1749 1464 1790 15.
1480 1749 1571 1800 19„
1599 1762 1688 1789 eam

202 1806 320 1850 haud
348 1805 485 1857 paullo
509 1812 603 1848 ante
634 1806 896 1847 constitutam
922 1819 1012 1846 esso
1036 1805 1227 1845 credibile
1251 1811 1312 1845 est
1341 1806 1541 1858 (expende
1568 1808 1687 1846 etiam

205 1863 329 1906 Rom.
360 1864 427 1914 15,
450 1862 709 1917 19.--24.).
767 1863 824 1905 lis
857 1867 988 1902 autem
1013 1863 1233 1912 assentior,
1278 1864 1346 1914 qui
1370 1869 1526 1903 coetum
1551 1877 1688 1904 roma·

205 1930 303 1960 num
325 1919 474 1960 sensim
497 1921 727 1972 sensimque
758 1933 830 1973 per
848 1919 976 1959 multa
995 1919 1259 1971 commercia,
1297 1932 1401 1971 qnae
1424 1920 1576 1960 Romae
1599 1933 1690 1960 cum

204 1977 433 2032 provinciis
455 1976 636 2018 romanis
657 1978 815 2017 fuerunt
837 1983 1017 2017 coactum
1036 1990 1125 2018 esse
1144 1976 1410 2019 arbitrantur.
1450 1978 1554 2018 Nam
1570 1991 1689 2028 quum

205 2047 382 2085 maguus
403 2033 650 2076 Judaeorum
680 2047 870 2074 numerus
890 2033 1044 2074 Romae
1066 2034 1151 2074 illis
1180 2034 1429 2086 temporibus
1450 2035 1596 2076 vixerit
1627 2037 1689 2084 (v.

206 2091 328 2134 Philo
351 2092 398 2131 de
417 2090 628 2132 virtutibus
651 2091 702 2140 11,
715 2092 814 2134 568.
828 2105 888 2142 sq.
918 2092 978 2133 cd.
1000 2089 1162 2142 Mang.
1184 2090 1348 2143 Joseph.
1369 2092 1416 2133 A.
1431 2091 1467 2134 J.
1483 2093 1631 2143 17,11,
1651 2095 1689 2133 l.

208 2154 249 2188 ct
268 2147 346 2188 Dio
364 2147 535 2189 Cassius
557 2148 627 2199 37,
649 2149 716 2188 17.
722 2152 761 2199 )‚
793 2148 860 2199 qui
883 2147 924 2187 in
948 2155 1130 2188 sanctam
1153 2147 1526 2188 Hierosolvmornm
1551 2148 1645 2186 nib«
1653 2163 1688 2188 ιι

208 2210 483 2245 commearent
498 2205 720 2257 stipemque
741 2219 786 2244 eo
810 2205 1028 2255 quotannis
1049 2205 1270 2259 perferrent
1293 2195 1453 2258 (Cicero
1477 2220 1547 2255 pro
1565 2205 1597 2244 1·
1604 2205 1691 2244 lic-

209 2275 255 2303 co
276 2263 346 2314 28,
362 2262 431 2306 67
461 2262 632 2313 Joseph.
653 2263 701 2303 A.
723 2261 759 2305 J.
783 2263 851 2311 18,
871 2262 911 2311 3,
936 2262 976 2301 5.
983 2262 1021 2313 )‚
1063 2262 1198 2312 quidni
1228 2262 1399 2313 primis
1393 2264 1496 2301 Qtati.
1501 2276 1523 2300 n
1555 2264 1671 2303 aunis

208 2319 353 2369 quibus
375 2318 557 2370 Apostoli
588 2319 813 2359 doctrinam
840 2317 981 2360 christ.
1004 2318 1303 2371 Hierosolymis
1337 2326 1373 2358 et
1404 2320 1622 2358 toi-tissime
1652 2328 1689 2360 et

207 2375 445 2416 felicissime
477 2375 751 2424 tradiderunt,
792 2375 974 2416 nonnulli
1004 2376 1069 2427 qui
1095 2376 1225 2416 Romu
1258 2377 1394 2416 Judaei
1429 2383 1689 2416 excesserant

209 2432 437 2473 Christiani
464 2447 509 2472 eo
530 2433 750 2473 redierint?
795 2433 1044 2483 Quibuscum
1065 2434 1286 2473 nonnullos
1307 2433 1474 2484 gentiles
1498 2447 1593 2473 mox
1620 2447 1690 2473 so-

211 2488 393 2529 cietatem
414 2490 590 2530 coivisse
611 2491 821 2530 admodum
844 2490 1050 2541 probabile
1076 2498 1153 2533 est.
1213 2491 1318 2531 Nam
1344 2492 1585 2531 Graecorum
1604 2491 1690 2530 Ro-

209 2558 497 2597 munerumque
527 2547 776 2603 mythologia
804 2559 828 2589 a
847 2547 1105 2602 philosophis
1129 2548 1167 2589 in
1191 2556 1430 2590 contemtum
1461 2547 1632 2590 adducta
1653 2555 1691 2589 ct

214 2660 512 2671 ....—..-.-—-.-—--

305 2734 423 2778 (rjai.
438 2734 554 2771 ίέἫ·
562 2735 659 2777 ’‘⁴'th
695 2736 836 2773 »ςῘῐὸν
859 2735 926 2784 riq-⁶
932 2738 1104 2774 ιλόιιενόν
1135 2739 1172 2774 τό
1191 2751 1247 2771 vm
1279 2738 1345 2778 νῆ”ς
1365 2739 1444 2773 «1όὲ
1437 2751 1481 2770 ·.<
1537 2741 1625 2771 'Uno
1608 2750 1658 2770 ’τιν

304 2780 383 2864 (ἡξει,
386 2791 527 2863 <tufini
534 2783 606 2865 hili·
629 2787 644 2813 l·
652 2790 749 2818 :ili-‚t
787 2797 889 2830 ιιμιιηι
910 2789 1026 2830 pauno
1049 2800 1109 2831 po
1096 2793 1148 2823 -φ
1180 2789 1235 2821 uli
1260 2789 1346 2819 i'lel
1353 2798 1383 2817 w
1389 2789 1432 2821 lxo
1452 2787 1517 2818 lici
1525 2794 1592 2820 tur.
1636 2789 1689 2822 Cf.

307 2843 349 2865 m
410 2841 428 2870 ι
