1752 3347
232 206 313 248 100
511 202 892 247 El'lSTOLA
928 201 1024 243 AD
1056 200 1417 246 ROMANOS

230 312 376 369 spreta
397 309 609 352 orationis
631 307 820 350 elatione
847 306 1166 362 verborumque
1197 305 1472 361 granditate,
1508 312 1699 367 cogitata

230 373 383 411 nostra
451 368 548 408 lane
586 369 632 407 et
670 379 692 405 a
729 369 823 407 erte
859 363 1089 405 enuntiare
1127 364 1353 407 solemus..
1421 362 1544 408 Idem
1580 369 1699 410 valet

231 426 400 468 Athen.
473 423 642 478 eipnos.
667 422 704 463 li
737 453 749 464 .
769 422 813 464 9.
845 435 890 477 p.
912 419 1014 464 839.
1033 419 1173 463 Dind.
1202 417 1317 474 πλὴν
1346 415 1539 462 ἱκέτευον
1569 421 1700 467 αὐτὸν

229 485 436 539 (coquum
466 478 700 522 verborum
727 478 945 534 ampullas
974 476 1189 534 projicere
1217 477 1418 532 solitum)
1447 472 1538 532 ἤθη
1562 494 1702 528 μετα.-

229 539 401 592 βαλεῖν,
432 532 1065 590 ἀνθρωπίνωςῌιυηιίηιιηι
1085 548 1226 586 more,
1267 534 1343 590 qui
1374 539 1419 575 ut
1450 533 1700 590 intelligan-

230 602 304 638 tur
324 593 465 635 obviis
485 597 530 634 et
550 592 731 633 usitatis
750 604 792 634 v.
815 591 881 633 uti
900 590 1067 644 solent)
1087 589 1234 632 λαλεῖν
1252 606 1320 632 τε.
1353 595 1397 632 et
1419 588 1601 634 Petron.
1618 590 1700 634 Sa-

228 657 318 708 tyr.
345 664 384 693 c.
401 650 488 693 90..
556 647 706 690 Minus
735 661 862 704 quam
892 646 1063 690 duabus
1094 646 1216 688 horis
1245 661 1409 689 mecum
1441 647 1629 691 moraris
1658 652 1703 690 et

229 707 408 765 saepius
421 706 611 763 poetice,
645 720 774 762 quam
805 705 1011 756 humane,
1051 704 1259 759 loquutus
1288 719 1352 748 es,
1417 703 1589 762 Dispar
1617 709 1703 758 est,

231 766 411 822 opinor,
438 761 633 805 conditio
654 763 688 806 l.
711 761 806 806 Cic.
832 761 885 803 de
910 760 1015 804 Div.
1034 759 1182 813 11‚64‚
1197 761 1312 804 133..
1372 759 1493 815 Quid
1523 776 1589 803 me
1617 761 1701 816 igi-

228 828 302 865 tur
323 814 505 863 mones?
536 818 600 862 Ut
619 819 659 860 si
679 819 779 876 quis
797 817 991 860 medicus
1021 824 1202 873 aegroto
1232 818 1441 875 imperet,
1480 822 1527 859 ut
1557 822 1702 860 sumat

228 879 511 933 tem-imnum,
544 876 868 932 herbiyrudam,
907 875 1260 929 domi-portam,
1295 875 1502 929 sanquine
1533 889 1701 917 cassam

260 935 377 977 otius
407 948 535 990 quam
562 932 779 975 hominnm
806 945 922 974 more
947 931 1013 986 (h.
1043 946 1082 974 e.
1113 936 1327 987 sequutus
1360 944 1480 971 uxum
1506 930 1703 987 loquendi

227 996 344 1035 mter
363 991 560 1033 homines
587 989 719 1045 vulgo
745 1002 844 1032 rece
877 989 991 1042 tum)
1016 987 1231 1029 cochleam
1263 985 1539 1041 [[diceret.]].
1597 987 1700 1031 GaL

225 1048 354 1103 3,15.
373 1063 414 1092 V.
437 1044 548 1090 κατὰ
568 1038 810 1101 ἅνθρωποι)
838 1003 948 1100 ῗέγω
977 1044 1124 1099 loquor
1153 1047 1199 1085 ut
1225 1041 1367 1095 homo,
1407 1043 1612 1100 quoniam
1641 1043 1700 1085 iis

226 1105 470 1163 exemplum
507 1118 531 1146 e
568 1103 783 1145 communi
813 1102 1034 1144 hominum
1064 1098 1153 1140 vita
1185 1098 1443 1156 petendum,
1491 1114 1578 1156 quo
1607 1114 1699 1142 rem

227 1178 351 1206 suam
371 1162 593 1213 illustret,
624 1159 677 1204 P.
698 1163 900 1210 excusat,
932 1157 1042 1198 hunc
1062 1170 1232 1198 sensum
1254 1156 1435 1200 habent:
1467 1157 1628 1214 loquor
1651 1161 1702 1199 ut

227 1221 354 1263 homo
375 1219 449 1276 qui
471 1233 544 1260 res
567 1217 609 1258 in
629 1217 849 1259 hominum
870 1214 959 1257 vita
993 1212 1146 1255 obvias
1176 1217 1385 1269 tanquam
1418 1214 1462 1255 in
1491 1228 1570 1256 suo
1598 1227 1700 1256 con-

225 1282 377 1335 spectu
398 1276 567 1333 positas
587 1273 750 1316 intueri
773 1273 888 1315 solet
909 1272 953 1315 h.
973 1287 1012 1314 e.
1035 1270 1171 1312 affero
1201 1271 1448 1328 exemplum
1474 1285 1529 1313 ex
1560 1270 1700 1313 horni-

224 1350 325 1377 num
347 1333 438 1376 vita
458 1331 750 1388 depromtum.
799 1332 821 1372 l
846 1329 948 1373 Cor.
968 1330 1010 1381 9,
1020 1328 1062 1371 8.
1083 1329 1143 1382 μὴ
1163 1325 1275 1368 κατὰ
1298 1323 1542 1384 ἄνθρωπον
1559 1330 1700 1370 ταῦτα

224 1391 371 1441 λαλῶ,·
401 1385 431 1445 ἢ
451 1385 547 1440 οὐχὶ
569 1389 643 1429 καὶ
663 1384 686 1430 ὃ
707 1386 841 1440 νόμος
856 1387 994 1428 ταῦτα
1008 1383 1148 1439 Myse,-
1179 1383 1267 1426 Hic
1282 1384 1574 1439 distinguitur
1585 1383 1702 1441 quod

223 1453 272 1490 ut
290 1447 412 1493 homo
433 1444 556 1487 dicas
575 1444 630 1486 ab
648 1459 726 1497 eo,
770 1442 887 1500 quod
915 1444 998 1486 div.
1028 1442 1103 1483 Iex
1131 1440 1264 1485 dicat.
1328 1440 1537 1484 Fundunt
1563 1442 1702 1496 igitur

224 1520 266 1548 v.
287 1502 346 1558 μὴ
365 1502 475 1544 κατὰ
493 1501 738 1557 ἄνθρωπον
756 1502 896 1542 ταῦτα
919 1499 1066 1549 λαλῶ,·
1105 1498 1217 1539 huuc
1248 1513 1451 1541 sensum:
1490 1513 1591 1540 num
1620 1512 1700 1552 pro

225 1561 409 1605 hominis
429 1563 601 1601 tantum
618 1558 851 1612 prudentis?
872 1558 970 1608 (nur
991 1556 1084 1605 nod)
1100 1557 1361 1609 mcn5d>1icbet
1373 1556 1574 1608 &instem
1594 1554 1700 1596 haec

223 1613 356 1661 dico?
383 1614 533 1669 Negat
552 1614 632 1655 hoc
654 1615 772 1670 Ap„
813 1613 916 1669 quia
937 1613 1057 1654 Deus
1074 1625 1219 1652 secum
1249 1611 1495 1653 consentiat
1527 1611 1569 1652 in
1601 1612 1698 1666 lege

226 1689 353 1717 mos..
408 1671 537 1715 Rom.
557 1672 600 1723 6,
616 1671 683 1714 19.
706 1673 939 1712 excusatur
961 1681 1077 1710 voce.
1099 1665 1385 1723 ἀνθρώπινον
1403 1667 1514 1722 λέγω
1538 1668 1699 1725 loquu-

224 1732 288 1774 tio
327 1743 440 1786 quae
479 1727 681 1784 asperior
710 1740 847 1783 eoque
876 1725 1019 1767 minus
1048 1730 1150 1780 apta
1179 1724 1320 1766 videri
1351 1730 1525 1781 poterat
1555 1739 1595 1769 v,
1630 1725 1699 1768 18.

224 1782 591 1840 ἐδουλώθητε
622 1785 675 1841 τῇ
703 1778 976 1838 δικαιοσύνῃ.
1038 1780 1188 1836 Quare
1218 1796 1376 1823 sensus
1408 1787 1499 1825 cst:
1535 1796 1700 1838 sequor

227 1858 388 1888 morem
408 1842 656 1893 hominum,
701 1839 775 1896 qui
801 1853 840 1883 v,
869 1838 1064 1880 aurificis
1094 1840 1259 1880 statera
1292 1853 1479 1895 pensare
1511 1853 1596 1880 non
1627 1853 1699 1882 so-

226 1904 341 1953 lentg
379 1898 604 1956 asperiore
635 1902 736 1939 utor
767 1911 869 1938 voce
899 1895 1030 1950 idque
1061 1894 1115 1936 de
1144 1895 1387 1941 industriaz
1428 1896 1484 1938 cs.
1513 1909 1554 1939 v.
1583 1911 1699 1952 sqq..

224 1959 385 2002 Restat
422 1959 572 1997 noster
609 1955 659 1998 l..
741 1952 827 1996 Ubi
858 1953 984 1994 multi
1027 1953 1293 2008 interpretes
1332 1958 1427 2008 post
1465 1952 1700 1994 Theman-‹2-

225 2022 339 2059 tnm:
359 2038 413 2045 —
446 2009 498 2054 οὗ
519 2010 600 2067 γὰρ
624 2008 707 2066 ἐγώ
722 2042 731 2058 ,
765 2023 898 2065 φησι,
926 2008 1064 2050 ταῦτα
1086 2007 1220 2063 λέγιν),
1253 2004 1365 2049 ἀλλὰ
1384 2005 1486 2057 τοῦς
1505 2010 1589 2049 τῶν
1616 2002 1700 2049 ὅλ-

226 2074 314 2114 λων
350 2068 534 2113 τέθεικα
571 2066 832 2121 λογισμούς·
877 2065 1009 2108 τοῦτο
1038 2062 1121 2119 γὰρ
1152 2063 1267 2119 λέγει
1297 2065 1408 2106 κατὰ
1436 2058 1699 2119 ἄνθρωπον.

225 2127 412 2173 formula
435 2125 545 2167 κατὰ
566 2118 810 2180 ἄνθρωπον
835 2122 945 2176 λέγω
977 2119 1031 2162 ad
1063 2121 1394 2178 praecedentem
1427 2126 1700 2176 aryumenta-

226 2188 379 2230 tionem
405 2179 443 2225 εἷ
463 2181 511 2225 δὲ
532 2199 610 2232 —5
639 2178 701 2236 μή
719 2177 874 2234 ὀργήνς
906 2179 1043 2220 relata
1061 2211 1072 2231 ‚
1094 2175 1151 2222 P.
1177 2193 1260 2220 uon
1289 2192 1336 2219 se
1361 2192 1411 2220 ex
1440 2178 1572 2219 animi
1601 2192 1700 2219 sen·
1744 2200 1752 2207 κ

227 2242 364 2286 tentia
386 2241 445 2282 ita
468 2238 767 2293 argumentari
788 2236 878 2278 illis
899 2250 939 2279 v.
964 2235 1180 2277 indicasse
1206 2240 1359 2291 putant
1391 2234 1433 2277 h.
1463 2248 1525 2278 r.:
1556 2235 1594 2276 si
1623 2249 1701 2276 au-

227 2306 315 2343 tem
335 2302 486 2341 nostra
506 2295 726 2337 hominum
748 2293 944 2351 pravitas
964 2291 1051 2334 Dei
1075 2294 1350 2335 sanctitatem
1373 2291 1553 2349 probat,
1593 2290 1700 2348 quid

227 2352 352 2400 tum?
392 2369 492 2396 num
523 2352 726 2412 iujuriam
753 2351 859 2393 facit
879 2350 1005 2391 Deus
1038 2363 1200 2405 poenas
1229 2344 1467 2404 infligens?
1507 2347 1699 2391 Ratioci-

228 2428 326 2463 ηυϊ,
358 2416 413 2454 nt
432 2411 598 2462 homo,
625 2414 679 2451 ut
704 2423 836 2450 unas
852 2408 913 2449 de
935 2407 1145 2456 maliis,
1177 2420 1259 2448 nou
1284 2411 1423 2448 meam
1445 2404 1489 2447 in
1511 2403 1698 2447 medium

228 2470 363 2512 affero
386 2466 666 2510 sententiam.
723 2464 845 2507 Haec
866 2462 1103 2520 explicatio
1126 2463 1237 2504 salsa
1259 2468 1343 2506 est.
1401 2460 1561 2519 Neque
1586 2460 1697 2503 euim

229 2529 341 2568 ratio
365 2526 455 2567 ulla
478 2528 597 2576 erat,
635 2537 713 2565 cur
736 2521 788 2565 P.
823 2520 908 2561 sibi
940 2520 1062 2561 illam
1093 2519 1516 2575 argumentationem
1543 2517 1698 2574 displi-

228 2597 327 2625 cere
344 2597 384 2625 v.
406 2579 516 2622 κατὰ
537 2574 780 2636 ἄνθρωπον
800 2577 910 2631 λέγω
931 2575 1111 2620 diceret.
1169 2576 1452 2634 Quantopere
1471 2575 1583 2617 enim
1604 2588 1697 2616 ean

229 2640 557 2681 abominaretur
576 2638 685 2679 satis
706 2634 970 2689 significavit
995 2648 1036 2678 v,
1067 2633 1128 2690 w}
1157 2633 1339 2688 γένοιτο.
1403 2632 1533 2688 Pejus
1566 2630 1695 2672 etiam

235 2695 466 2748 Theopleyl.
494 2710 534 2738 v.
555 2693 665 2735 καιὰ
694 2687 932 2748 ἄνθρωπον
960 2690 1072 2745 λέγω
1104 2690 1158 2732 ad
1188 2705 1305 2734 voce.
1335 2705 1375 2733 r.
1404 2682 1571 2732 usgue
1603 2689 1698 2735 ,τῶς

232 2754 368 2809 κρινεῖ
389 2748 411 2789 ὸ
430 2751 538 2800 θεὸς
555 2750 627 2791 τὴν
649 2747 837 2801 miquo»,-
868 2747 1005 2789 traxit
1039 2747 1079 2790 h.
1112 2763 1176 2791 s.:
1213 2748 1306 2789 (lieo
1336 2753 1436 2803 (pro
1472 2743 1608 2791 Deo),
1652 2749 1696 2785 ut

232 2810 378 2856 homo,
412 2807 438 2849 i.
459 2822 498 2849 e.
518 2806 703 2848 ‹lclcudo
726 2806 889 2856 Deum,
922 2810 965 2846 ut
989 2804 1114 2846 homo
1140 2805 1283 2846 sacci-e
1309 2807 1474 2860 potest,
1507 2800 1581 2855 qui
1613 2814 1696 2841 uou

231 2880 379 2908 omues
397 2863 614 2906 actionum
637 2863 724 2906 «liv.
747 2863 936 2905 rationes
955 2862 1181 2919 perspicit.
1233 2860 1328 2902 Hoc
1347 2857 1574 2901 consilium
1598 2856 1697 2898 ab·-

1625 2927 1697 2955 ur-
