1752 3347
196 160 283 203 314
481 153 862 199 EPISTOLA
893 156 996 198 AD
1029 156 1390 203 itOMANos

199 261 410 321 permulti
432 268 534 321 post
555 263 723 306 Bezam
743 261 1004 317 observant,
1031 262 1095 319 μή
1117 265 1369 306 necessario
1392 265 1666 310 retinendum

196 335 296 362 esse
325 327 507 378 propter
538 319 634 368 καί,
674 320 777 376 quia
806 318 883 361 καί
915 318 1092 363 inducta
1121 335 1224 363 voce
1261 319 1323 377 μή
1359 322 1555 378 ineptum
1591 326 1667 378 nit,

195 374 242 419 id
262 390 411 419 verum
437 375 612 434 quidem
636 377 786 431 esst),
816 374 894 418 sed
911 377 1021 419 nihil
1043 379 1151 420 facit
1180 377 1236 420 ad
1264 379 1373 420 hanc
1403 378 1665 435 disputatio-

195 447 310 477 nem.
376 432 493 476 Nam
524 435 597 490 qui
627 433 689 488 μή
718 433 963 490 antiquitus
993 441 1327 493 expunxerunt,
1373 436 1506 477 simul
1534 436 1666 479 etiam

193 490 268 531 καί
288 490 589 546 abstulerunt,
612 490 759 533 deleto
784 505 877 534 voc.
905 488 968 547 μή
996 507 1129 534 sensu
1158 491 1417 536 destitutum
1445 496 1508 549 (v.
1534 492 1666 549 Orig.

192 545 248 588 ad
269 547 313 589 h.
332 548 390 601 l.‚
418 548 770 602 Ambrosiastr„
800 548 1047 602 Augustin.
1071 549 1124 591 de
1149 555 1315 607 peccat.
1336 564 1442 593 mer.
1462 555 1544 593 etc.
1575 551 1606 593 l.
1626 564 1665 594 c.

188 608 235 646 et
252 605 383 658 67***‚
414 605 489 647 ubi
511 611 602 646 tum
625 604 698 647 καί
716 610 805 647 tum
824 604 885 661 μή
907 604 1130 648 inductum
1153 610 1267 661 est),
1298 608 1337 648 si
1358 615 1564 665 saperent
1590 621 1664 648 ne-

188 675 276 717 que
306 662 400 703 καὶ
431 660 508 704 ἐπὶ
524 661 627 711 τοῦς
645 658 984 720 ἁμαρτήσαντας
1007 671 1239 706 exararunt
1271 663 1440 706 duabus
1468 665 1554 706 scri
1577 670 1661 705 ›tu-

188 719 254 760 ris
275 722 442 760 temere
461 719 732 772 commistis,
761 719 847 761 nisi
877 720 952 776 qui
983 721 1052 763 vel
1082 720 1371 763 dormitarent
1400 723 1470 763 vel
1491 679 1660 779 judicio

186 789 342 833 parum
361 776 580 820 valerent.
634 775 784 830 Quare
805 780 951 818 utrum
973 803 1023 809 —
1044 777 1280 827 ΠΙωὶῐσέως
1299 776 1377 819 ἐπὶ
1397 778 1501 826 τοὺς
1521 774 1659 833 ἁμαρ-

183 828 430 887 τήσαντας,
459 847 514 875 an
533 859 587 865 —
608 832 843 882 ΠΙωὶἲσέως
872 834 964 875 καὶ
995 832 1072 876 ἐπί
1088 835 1192 883 τοῖς
1217 849 1245 885 μ
1265 833 1288 889 ι]
1321 829 1661 891 ἁμαρτήσαντας

185 887 241 933 Ρ.
258 890 492 948 scripserit
522 889 874 933 constituendum
906 896 991 934 est.
1058 889 1293 932 Posterius
1322 904 1425 932 vero
1459 891 1659 932 exaravit

183 947 297 1003 Ap..
363 946 516 990 Primo
557 947 674 988 enim
712 947 814 988 huic
850 962 1058 988 summam
1099 948 1407 990 auctoritatem
1446 946 1659 1005 adjiciunt

183 1003 295 1048 cdd.
316 1006 488 1059 graeci,
517 1003 679 1046 ven-ss.
704 1009 748 1046 et
770 1002 863 1047 PP.
894 1004 1002 1062 (jam
1030 1003 1237 1045 irenaeus
1268 1019 1305 1047 c.
1336 1004 1506 1047 haeres.
1524 1004 1566 1056 3,
1589 1006 1658 1057 18,

179 1061 223 1106 7.
255 1061 332 1104 καί
348 1067 393 1104 et
410 1058 472 1116 μή
497 1061 651 1116 hahet)
680 1061 723 1102 in
745 1060 789 1102 id
810 1060 1161 1111 eonsentientesg
1190 1060 1303 1103 illud
1333 1067 1508 1113 eontra,
1535 1062 1575 1102 si
1602 1062 1658 1102 ab

177 1117 385 1174 ambiguo
414 1118 509 1163 PP.
535 1118 845 1160 nonnullorum
873 1118 1000 1159 latin.
1029 1132 1228 1170 rumore,
1266 1122 1315 1160 ut
1344 1119 1441 1160 fiet-i
1470 1133 1551 1176 par
1573 1124 1658 1171 est,

176 1173 465 1230 discesseris,
493 1191 648 1233 parum
678 1180 747 1217 est
775 1176 1012 1217 firmatum.
1079 1174 1254 1217 Deinde
1286 1173 1360 1216 καί
1390 1181 1436 1217 et
1461 1172 1521 1232 μή
1554 1190 1654 1217 sen-

176 1233 318 1275 tentia
354 1234 523 1292 poscit,
572 1231 925 1289 quandoquidem
964 1231 1045 1272 hoc
1093 1230 1232 1274 Paulo
1272 1231 1512 1274 docendum
1563 1236 1656 1275 est:

173 1289 365 1333 Mortem
386 1291 442 1333 ab
460 1289 639 1334 Adamo
662 1303 802 1345 usque
822 1287 878 1330 ad
898 1288 1053 1330 Mosen
1075 1289 1117 1331 in
1136 1303 1280 1331 omnes
1297 1290 1545 1346 promiscue
1576 1290 1655 1331 ho-

173 1347 316 1390 mines
337 1352 489 1390 sontes
509 1347 740 1405 imperium
763 1346 1044 1399 exercuisse,
1073 1346 1205 1388 etiam
1236 1346 1280 1387 in
1303 1360 1379 1389 eos
1409 1346 1569 1404 quibus
1597 1347 1651 1388 il-

173 1403 263 1446 lam
300 1406 558 1462 pepercisse
597 1403 761 1459 aliquis
801 1403 1030 1446 existimet
1065 1403 1109 1446 h.
1133 1418 1171 1447 e.
1210 1404 1304 1445 καί
1335 1402 1412 1445 ἐπὶ
1439 1402 1544 1453 τοῖς
1580 1400 1650 1459 μὴ

173 1455 520 1519 ἁμαρτήσαντας
549 1459 584 1503 ἒ.
611 1475 652 1503 τ.
681 1457 719 1502 ὃ.
747 1475 784 1501 τ.
819 1475 866 1502 π.
892 1458 968 1503 'A..
1035 1460 1268 1503 Postremo
1301 1460 1434 1502 lectio
1470 1461 1650 1515 vulgata

170 1517 391 1576 ejusmodi
410 1523 503 1570 est,
528 1523 578 1560 ut
596 1516 650 1558 ad
667 1516 945 1576 conjecturas
965 1532 1118 1573 parum
1142 1522 1335 1560 attentos
1363 1517 1552 1558 lectores
1581 1517 1648 1558 in-

170 1577 314 1618 vitare
339 1574 551 1632 potuerit.
610 1573 733 1615 Fieri
762 1574 875 1614 enim
907 1580 1081 1630 potest,
1122 1578 1169 1615 ut
1198 1588 1315 1616 vot-c.
1345 1574 1421 1615 καί
1450 1577 1493 1614 et
1507 1573 1569 1628 μή
1600 1579 1647 1617 ut

167 1632 420 1689 importuna
454 1631 488 1673 ii
516 1629 782 1683 deleverint,
821 1629 897 1686 qui
928 1636 1004 1672 aut
1032 1631 1262 1672 formulam
1299 1629 1358 1686 μὴ
1393 1628 1649 1686 ἁμαρτῆσαι

166 1687 247 1732 ἐπὶ
267 1690 329 1744 τῷ
351 1683 602 1741 ὁμοιώματι
623 1689 701 1742 τῆς
720 1683 1018 1742 παραβάσεως
1032 1684 1167 1740 Ἀδάμ
1181 1719 1191 1736 ,
1224 1687 1276 1729 de
1300 1686 1425 1745 cujus
1450 1693 1647 1744 potesta-

165 1752 210 1788 te
232 1747 416 1788 multum
438 1758 614 1800 semper
632 1742 878 1784 dubitatum
907 1748 997 1795 est,
1026 1759 1179 1802 parum
1207 1745 1538 1797 contexissent,
1567 1750 1645 1786 aut

199 1818 299 1846 uum
322 1802 435 1843 male
459 1816 500 1845 v.
521 1801 584 1841 sic
604 1801 902 1843 struxissent:
934 1799 1300 1852 ἐβασίλευσεν
1330 1796 1353 1843 ὁ
1390 1800 1643 1851 Θάνατος

166 1861 266 1904 επὶ
291 1860 360 1915 τῷ
390 1854 471 1911 ὀμ.
491 1872 529 1898 τ.
552 1872 675 1910 παρ.
696 1854 853 1907 Ἀδὰμ
889 1852 979 1897 ἀπὸ
1005 1855 1141 1907 Ἀδὰμ
1170 1873 1218 1908 μ.
1242 1859 1310 1898 ῙΙΙ.
1338 1858 1411 1898 καὶ
1437 1855 1512 1898 ἐπὶ
1540 1856 1643 1906 τοὺς

165 1913 229 1972 μή
246 1912 407 1971 ἁμαρτ.
437 1915 503 1970 (v.
529 1913 668 1967 infra)
697 1913 876 1953 voculas
900 1910 975 1953 καί
999 1919 1044 1954 et
1072 1910 1134 1969 μή
1168 1913 1433 1954 sententiam
1461 1914 1641 1968 gignere

166 1972 374 2031 superius
412 1970 547 2013 dictis
586 1972 649 2026 (v.
684 1970 753 2012 12.
785 1964 855 2024 ἐφ’
889 1962 924 2025 ᾦ
962 1965 1171 2019 πάντες
1204 1967 1471 2026 ἥμαρτον)
1511 1984 1642 2027 repu-

164 2034 370 2088 gnantem
391 2028 562 2087 opinati
591 2030 764 2078 essent,
793 2029 871 2067 aut
898 2026 1047 2068 verbis
1077 2025 1452 2080 ἐβασίλευσεν
1482 2023 1506 2067 ἶ)
1543 2027 1641 2069 Θά-

161 2101 294 2137 νατος
320 2088 412 2128 καί
440 2081 536 2128 ἐπὶ
564 2083 667 2135 τοὺς
694 2082 764 2139 μὴ
792 2078 949 2136 ἆμαρτ.
972 2082 1050 2127 ἐπὶ
1070 2098 1106 2124 τ.
1128 2080 1166 2125 ὃ.
1187 2098 1222 2125 τ.
1245 2098 1292 2125 π.
1307 2079 1370 2126 'A.
1402 2082 1547 2127 Deum
1575 2085 1640 2128 se-

158 2146 278 2189 cisse
295 2143 397 2197 dici,
419 2141 540 2199 quod
559 2141 615 2183 ab
634 2141 730 2201 ejus
748 2139 924 2200 justitia
946 2144 991 2182 et
1013 2141 1237 2196 aequitate
1256 2139 1532 2196 abhorreret,
1552 2142 1640 2184 sibi

193 2203 510 2246 ersuasissent.
584 2198 709 2241 Haec
756 2197 866 2238 satis
906 2197 1199 2254 probabiliter
1235 2197 1473 2256 conjectes,
1549 2198 1639 2241 Sed

158 2263 360 2319 praestat
380 2259 426 2300 in
448 2256 529 2300 tali
549 2270 597 2298 re
618 2254 848 2298 historiam
868 2255 1120 2309 consulere,
1152 2269 1281 2323 quam
1307 2256 1637 2325 qualescunque

160 2315 440 2373 conjecturas
468 2314 646 2357 afferre.
713 2311 754 2354 Ii
784 2310 923 2366 igitur
952 2327 1070 2356 voce.
1101 2329 1171 2354 και
1205 2317 1247 2354 et
1275 2328 1335 2369 μη
1366 2319 1415 2355 ut
1444 2312 1637 2356 absurda

160 2366 409 2430 antiquitus
426 2373 732 2421 sustulerunt,
768 2368 842 2426 qui
865 2384 997 2425 quum
1020 2370 1181 2411 fortius
1214 2384 1313 2411 esse
1338 2371 1638 2423 βασιλεύει

158 2431 182 2475 ὁ
211 2432 413 2480 Θάνατος
431 2427 509 2472 ἐπί
527 2445 624 2472 τινα
641 2426 780 2483 (omni
802 2432 1020 2497 potestate
1038 2425 1315 2479 dominatur,
1344 2427 1486 2484 Oriy.)
1506 2442 1633 2484 quam

160 2487 453 2543 διέρχεται
493 2482 516 2527 ὁ
551 2482 754 2533 Θάνατος
786 2481 849 2532 είς
879 2499 977 2525 τινα
1016 2483 1122 2539 (levi
1160 2483 1345 2540 quadam
1374 2485 1631 2538 contagione

156 2544 443 2604 perstringit,
460 2541 604 2600 Oriy.)
623 2539 940 2594 credidissent,
968 2546 1012 2583 et
1034 2537 1300 2597 ἁμαρτάνειν
1319 2539 1396 2584 ἐπὶ
1415 2543 1478 2598 τῷ
1499 2541 1630 2596 ὁμοι-

268 2655 457 2689 Semlerus
483 2653 630 2688 voculae
657 2653 719 2688 καί
743 2652 816 2686 vim
843 2650 1040 2695 explicandi
1067 2652 1111 2692 (v.
1132 2651 1240 2685 Hebr.
1268 2652 1320 2691 ll,
1344 2655 1394 2686 11.
1418 2661 1451 2688 et
1483 2661 1554 2688 not.
1581 2654 1623 2688 ad

252 2700 380 2736 Maiih.
401 2714 432 2743 p.
456 2701 528 2743 52.)
555 2707 590 2732 ct
610 2701 757 2744 quidem
775 2698 938 2742 subjecit.
988 2697 1099 2732 hlaie.
1150 2698 1239 2732 Nam
1262 2698 1297 2731 in
1317 2711 1443 2734 onmes
1467 2700 1624 2734 homines

250 2753 370 2783 nonies
391 2745 549 2780 Mortem
571 2746 754 2789 saexiisse,
777 2757 852 2779 nou
871 2744 907 2778 in
933 2756 993 2776 eos
1015 2744 1284 2781 tantummodo.
1307 2758 1462 2790 quorum
1506 2753 1622 2778 occ-aia

251 2805 334 2829 enm
364 2792 492 2826 Adsunt
522 2792 716 2826 conunisso
744 2797 987 2837 congruerent
1015 2790 1053 2823 Ρ.
1086 2790 1118 2824 h.
1139 2791 1161 2825 1.
1191 2792 1410 2825 contendere
1436 2757 1536 2824 deiiet
1560 2792 1622 2832 get.

247 2854 283 2874 v.
307 2839 384 2882 ιι).
