1752 3347
531 89 618 132 CA
636 86 686 132 P.
721 87 805 132 Vl.
865 88 951 131 v..
989 87 1071 130 Η..
1445 84 1530 125 407

56 196 206 250 letquc
230 209 280 236 ca
300 195 502 250 loquutio
523 194 578 236 dc
600 193 782 239 Indaeis
812 194 923 249 legis
944 207 1051 236 mos,
1085 191 1268 249 imperio
1292 189 1529 248 subjectis3

58 245 170 293 εἶναι
190 244 279 293 ὑπὸ
298 246 427 308 χάριν
447 252 530 295 «liv.
553 252 826 303 clementiae,
861 265 972 307 quae
994 264 1072 308 per
1093 247 1318 291 Christum
1345 246 1526 288 manife-

59 310 176 349 stata
206 310 275 348 est
301 307 364 404 55,
386 308 478 362 15.)
508 314 712 364 tanquam
737 308 1029 363 yet-bernatm‘ci
1054 307 1264 347 subditum
1292 319 1382 345 esse
1409 302 1526 345 desi-

54 366 189 417 gnat,
218 363 287 405 cui
322 365 505 406 nomines
526 365 681 408 christ.
703 363 889 421 subjecti
910 365 1062 407 vivunt
1088 361 1171 403 lide
1190 362 1234 402 in
1258 361 1436 404 Christo
1455 374 1525 402 re-

54 419 218 476 posita.
270 421 390 464 Grot.
412 422 471 465 al.
488 418 672 477 χάριτος
688 421 897 462 vocabulo
918 420 1145 474 cvanyelae‘i,
1174 418 1332 459 Morus
1352 418 1411 460 al.
1432 416 1524 473 sbr—

8 507 14 518 .
54 490 152 518 mae
171 476 401 531 reliqionis,
430 477 692 519 oeconomiae
711 477 860 519 christ.
883 476 1157 529 significatus
1178 474 1410 525 affingunt,
1430 474 1523 514 fru-

53 538 146 574 stra
169 533 215 575 in
234 533 340 574 hanc
361 547 449 575 rem
471 526 620 572 citatis
642 533 672 573 l.
696 532 802 575 Act.
825 533 892 585 13,
909 533 982 576 43.
1004 531 1105 575 Joh.
1128 533 1166 583 1,
1181 532 1248 573 17.
1288 529 1522 572 Postremo

52 603 156 631 voce
176 589 259 647 γάρ
269 589 400 632 Pauli
411 602 515 645 spes
528 588 675 631 verbis
691 584 786 641 Ἁμ.
799 604 835 644 y.
849 587 888 630 ὓ.
901 584 1055 644 οὐκυρ.
1074 600 1287 644 expressa
1308 587 1524 629 firmatur.

51 645 179 701 Quae
199 660 357 702 quum,
396 649 444 686 ut
470 644 516 686 in
550 641 960 701 ἆνακεφαλαιώσει,
996 643 1302 702 praecedentis
1327 642 1524 699 disputa—

50 703 186 744 tionis
208 701 462 744 memoriam
490 707 726 754 renovent,
771 700 827 743 ad
851 702 1056 759 superius
1088 700 1204 742 dieta
1239 700 1391 756 utique
1409 700 1522 742 refe—

49 757 186 802 renda
215 762 320 802 sunt
347 758 555 815 dignique
583 764 686 801 sunt
711 758 1060 816 vituperatione,
1107 758 1182 814 qui
1204 758 1309 799 haec
1331 772 1448 800 voce.
1468 771 1520 798 ex

48 816 130 869 iis,
161 830 273 872 quae
290 814 344 859 P.
364 815 418 857 de
437 816 551 871 legis
571 830 682 859 mos.
700 815 755 857 ad
774 814 1065 857 emendandos
1087 813 1366 870 beandosque
1386 814 1523 856 homi—

47 887 128 916 nes
157 872 462 914 imbecillitate
489 872 629 929 deque
657 872 817 915 eximia
840 871 1067 914 doctrinae
1088 872 1244 916 christ.
1274 872 1317 912 in
1347 871 1427 912 hoc
1448 883 1522 925 ge—

50 943 154 972 nere
173 929 338 972 virtute
362 929 528 987 passim
548 930 592 971 in
611 930 815 987 epistolis
836 930 907 973 vel
925 928 1167 987 disputavit
1191 929 1258 971 vel
1277 928 1425 986 potius
1446 927 1523 968 ad-

46 986 341 1041 significavit,
392 985 671 1029 dilucidanda
698 987 1007 1029 existimarunt
1040 989 1104 1042 (v.
1131 986 1285 1040 infra).
1359 983 1522 1027 Paucis

45 1043 339 1100 complectar}
365 1043 591 1086 vocabulis
612 1041 663 1086 οὐ
679 1043 762 1101 γάρ
781 1042 880 1086 ἐστε
899 1041 987 1085 ὑπὸ
1004 1040 1138 1097 νόμον
1147 1040 1305 1100 Ap.ad
1316 1040 1357 1095 5,
1367 1042 1520 1086 20.21.

47 1100 314 1154 revertitur,
342 1100 491 1143 verbis
512 1097 605 1142 ἀλλ’
628 1097 714 1143 ὑπὸ
730 1097 858 1156 χάριν
885 1099 942 1142 ad
961 1102 1003 1153 6,
1019 1103 1062 1143 2.
1085 1115 1184 1158 sqq.
1205 1100 1248 1143 h.
1268 1113 1351 1142 m.:
1387 1113 1520 1155 neque

45 1157 161 1199 enim
181 1157 264 1212 leyi
281 1171 387 1200 mos.
405 1158 564 1200 subdita·
587 1158 713 1210 estis,
753 1158 823 1199 cui
852 1162 901 1199 ut
920 1157 1324 1214 multiplicarentur
1343 1160 1522 1213 peecata

46 1212 262 1256 divinitus
283 1213 412 1256 datae
435 1213 476 1267 5,
494 1215 567 1258 20.
594 1214 633 1257 si
662 1213 848 1274 subjecti
868 1215 1077 1257 viveretis
1096 1218 1371 1272 peecatorum
1393 1226 1522 1253 excu-

45 1271 262 1313 sationem
279 1270 442 1312 habere
460 1270 744 1324 videremini,
783 1272 856 1313 sed
875 1272 959 1314 div.
987 1271 1260 1324 clementiae,
1303 1283 1431 1326 quam
1450 1282 1519 1310 re-

45 1328 191 1382 ginam
220 1332 452 1370 veneratos
482 1327 810 1384 improbitatem
832 1326 1028 1370 e'urasse
1045 1327 1236 1370 vidimus
1262 1328 1312 1379 6,
1340 1327 1382 1369 2.
1404 1340 1521 1381 sqq..

44 1383 168 1427 Haec
193 1384 332 1439 igitur
358 1387 454 1442 Ap.
482 1383 613 1428 dicit:
659 1385 828 1426 nullum
896 1388 1042 1426 eccato
1071 1384 1116 1426 in
1146 1399 1224 1427 vos
1253 1382 1523 1426 dominatum

45 1455 148 1484 esse
173 1441 298 1499 passi
326 1442 472 1484 Deum
504 1441 628 1483 colite
658 1441 690 1483 i.
717 1455 756 1485 e.
786 1443 991 1484 virtutem
1021 1456 1062 1484 v.
1093 1441 1162 1485 12.
1185 1441 1254 1484 13.
1331 1440 1448 1482 Nam
1473 1442 1523 1481 ut

43 1496 281 1541 Peccatum
309 1513 386 1541 vos
414 1497 631 1553 gubernet
654 1512 731 1540 vos
752 1513 837 1539 non
858 1513 1146 1541 concessuros
1171 1512 1269 1539 esse
1291 1512 1342 1539 ex
1366 1511 1417 1538 co
1443 1510 1521 1537 au·-

43 1569 204 1611 guror,
245 1554 363 1611 quod
390 1555 521 1611 (estis
552 1555 665 1596 enim
687 1555 886 1597 homines
906 1555 1086 1608 christ„
1124 1568 1209 1596 non
1234 1553 1414 1607 Judaei)
1432 1567 1520 1594 non

41 1613 133 1667 legi
151 1627 262 1656 mos,
273 1613 444 1670 paretis
464 1612 556 1666 (cui
573 1617 622 1653 ut
640 1609 828 1654 Peccato
847 1627 1028 1667 regnum
1053 1612 1398 1669 amplificaretur
1418 1623 1520 1665 pro-

42 1670 266 1724 mulgatae
284 1669 334 1722 5,
363 1670 435 1713 20.
456 1670 528 1712 21.
560 1667 636 1724 qui
664 1668 878 1710 obediunt
902 1673 1104 1710 excusate
1135 1681 1316 1724 peecare
1341 1664 1522 1709 videan-

43 1726 163 1782 tur),
202 1724 280 1767 sed
307 1725 395 1769 div.
424 1724 681 1767 clementiae
707 1724 787 1781 (ad
809 1739 937 1780 quam
960 1724 1035 1780 qui
1062 1724 1312 1778 confugerit
1337 1737 1436 1764 emn
1456 1722 1522 1764 vi-

41 1786 132 1824 tam
147 1814 160 1834 ,
189 1796 320 1838 quam
339 1780 616 1838 improbitati
635 1786 885 1832 consecret,
922 1781 1090 1821 nullam
1114 1780 1276 1822 hahere
1293 1779 1521 1821 docuimus

43 1839 96 1892 6,
115 1839 159 1882 2.
188 1839 325 1893 sqq.).
347 1863 400 1870 -
448 1837 632 1888 Heum„
678 1837 851 1890 Kopp.,
880 1836 1106 1887 Rosenm„
1144 1835 1325 1888 Morus,
1362 1836 1521 1887 Stolz„

43 1896 182 1950 Jasp„
214 1895 367 1945 Flatt„
394 1892 543 1935 Vater.
568 1892 627 1933 al.
648 1892 818 1933 Futuro
834 1891 1186 1933 adhortationem
1209 1891 1522 1949 comprehendi

42 1953 226 2009 putant:
271 1963 413 2005 neque
445 1947 562 1990 enim
583 1946 816 1991 Peccatum
844 1948 929 1989 vim
957 1949 1002 1989 in
1024 1963 1100 1991 vos
1126 1954 1355 2001 exercecetg
1401 1946 1519 2005 quod

41 2008 142 2050 fieri
159 2021 246 2048 non
265 2010 436 2064 potest,
466 2019 598 2061 quum
616 2006 749 2048 tertia
764 2004 800 2046 F
804 2005 924 2046 uturi
946 2019 1133 2062 persona
1154 2002 1421 2061 (κυριεύσει)
1439 2019 1518 2062 po—

41 2065 131 2107 sita
164 2063 246 2117 sit,
295 2077 383 2105 non
415 2061 606 2104 secunda
637 2064 698 2116 (v.
728 2061 784 2103 ad
811 2061 972 2105 Matth.
997 2076 1043 2118 p.
1064 2062 1164 2105 252.
1194 2066 1238 2103 et
1262 2062 1523 2115 Bernhardy

43 2124 176 2175 (fiunt.
195 2135 240 2178 p.
259 2120 398 2176 378.).
459 2117 549 2161 Sed
568 2118 608 2160 si
630 2117 682 2162 P.
705 2123 782 2160 aut
797 2117 856 2173 μὴ
879 2117 961 2174 γὰρ
984 2114 1118 2175 ἥἉμ.
1137 2113 1257 2171 ὑμῶν
1276 2116 1515 2175 κυριευέτω

44 2183 122 2221 aut
133 2173 354 2233 Ἅμαρτίᾳ
377 2175 460 2232 γὰρ
483 2172 607 2228 ὑμεῖς
632 2172 684 2218 οὐ
703 2173 962 2217 δουλεύσετε
988 2175 1267 2232 scripsisset,
1297 2175 1518 2217 sententia

41 2235 206 2293 optime
234 2237 484 2304 comparata
513 2236 656 2285 esset,
692 2235 786 2273 tum
819 2231 1018 2288 quidem,
1057 2247 1188 2289 quum
1216 2246 1335 2275 vocc.
1364 2229 1415 2273 οὐ
1435 2230 1520 2287 γάρ

46 2291 145 2334 ἐστε
163 2286 203 2333 ὑ.
225 2306 261 2331 ν.
274 2321 285 2339 ,
317 2305 357 2331 α.
378 2287 418 2331 ὑ.
434 2305 473 2341 χ.
486 2320 498 2338 ,
530 2287 690 2344 quibus
710 2288 880 2344 Koma„
919 2288 1121 2332 Rosenm.
1140 2293 1186 2331 et
1204 2289 1339 2331 Flatt.
1359 2303 1514 2331 novam

45 2347 394 2406 disputationem
423 2345 646 2398 inchoari,
686 2359 817 2402 quum
846 2341 929 2402 γάρ
951 2348 1094 2400 fecilid)
1115 2349 1340 2388 verterent
1355 2351 1520 2387 temere

45 2420 70 2448 o
104 2404 215 2446 inati
237 2407 363 2457 sunt,
396 2402 459 2444 ita
488 2416 754 2459 exponeres,
782 2405 833 2443 ut
862 2417 997 2459 supra
1016 2402 1217 2446 fecimus.
1276 2401 1395 2444 Male
1416 2402 1518 2444 Rei-

45 2477 68 2504 c
96 2462 184 2504 ium
208 2460 271 2502 sic
287 2459 578 2514 tautologiam
597 2460 642 2501 in
663 2460 775 2500 hunc
792 2459 824 2501 l.
840 2458 987 2502 invehi
1005 2459 1267 2502 contendere
1287 2472 1517 2514 argumen-

44 2521 188 2560 torum
209 2515 397 2575 adjectio
417 2512 468 2558 οὗ
487 2515 569 2571 γὰρ
583 2531 670 2558 κ,τ.
685 2511 717 2557 ὲ.
739 2514 880 2559 docet.
909 2514 1079 2578 Injurid
1098 2517 1213 2558 enim
1232 2516 1517 2572 tautologiam

45 2574 87 2617 ei
104 2573 349 2631 exprobres
376 2573 453 2629 qui
480 2572 543 2614 sic
568 2574 801 2629 loquatur:
848 2573 980 2616 facite
1008 2575 1139 2625 haec3
1182 2587 1283 2616 mem
1310 2574 1409 2617 volo
1436 2586 1515 2615 vos

46 2631 152 2673 haec
179 2631 323 2672 faeere
353 2630 419 2672 his
450 2629 712 2685 aryumente's
741 2635 981 2675 commotos.
1056 2630 1171 2672 Mire
1200 2631 1333 2673 etiam
1357 2628 1516 2673 Rueck.

48 2688 157 2730 hanc
197 2686 535 2745 explicationem
575 2689 813 2756 propterea
850 2686 961 2729 ferri
1001 2702 1131 2745 posse
1169 2688 1369 2743 negavit,
1412 2685 1514 2741 quia

49 2757 166 2791 voce.
184 2739 339 2800 οὐῖγάρ
360 2741 458 2787 ἐστε
477 2757 562 2787 κ.τ.
577 2760 613 2788 ε.
633 2747 888 2800 argumenta
909 2759 933 2787 a
958 2745 1167 2803 superius
1185 2760 1226 2789 v.
1240 2745 1284 2789 2.
1297 2771 1346 2777 —-
1362 2744 1517 2787 ll.ex-

1584 1175 1629 1213 XX
