1752 3347
509 236 601 281 CA
616 235 665 281 1’.
697 235 770 280 11.
808 233 899 279 Vs.
927 236 985 279 9..
1404 237 1485 278 107

13 343 166 397 habet,
194 347 239 387 et
256 342 327 396 30,
337 343 380 386 6.
395 375 407 396 ,
435 342 511 385 uhi
529 343 745 401 propheta
764 354 879 395 rapax}
899 355 977 399 ³³⁸.
993 340 1157 399 posuit.
1200 337 1319 398 Vide
1337 340 1485 387 Wetst.

12 401 68 444 ad
86 402 131 445 h.
152 402 185 445 l.
207 405 251 443 et
271 400 570 445 Hcmsterlms.
601 400 656 441 ad
674 400 783 443 Luc.
802 387 984 453 Nigrin.
1015 412 1052 442 c.
1073 397 1142 441 13.
1173 396 1232 441 T.
1252 395 1292 441 I.
1318 412 1361 466 p.
1382 398 1484 443 266.

11 457 81 503 ed.
102 457 275 502 Lelem..
332 454 450 511 Quia
470 457 641 514 syllaba
662 456 932 514 paenultima
952 470 992 498 v.
1010 453 1176 510 θλίψις
1187 458 1341 496 natura
1352 454 1485 510 longa

11 519 105 567 est,
134 513 243 558 VV.
262 511 370 556 DD.
392 513 437 554 in
456 513 517 557 N.
538 513 596 558 T.
616 528 729 555 nunc
749 513 864 554 :1221
894 527 935 562 ις
953 510 1146 553 scribere
1177 511 1344 564 solent,
1374 525 1416 555 v.
1445 526 1484 555 c.

11 571 241 614 Scludzius
261 574 306 612 et
325 569 509 612 Lachne.
530 571 608 625 (cs.
628 574 719 612 not.
740 569 795 610 ad
816 568 842 609 h
867 584 954 612 arc.
977 584 1021 626 p.
1042 567 1178 621 572.).
1235 566 1370 610 Haud
1394 567 1487 610 scio

11 642 67 670 an
86 642 173 669 non
200 630 336 668 recte.
394 623 510 666 Nam
542 640 673 682 quum
704 625 981 667 Hellenistas
1008 625 1052 666 in
1082 625 1231 666 multis
1258 624 1488 668 vocabulis

42 682 322 726 aenultimam
358 681 600 736 syllabam,
646 696 774 736 quam
813 682 948 732 attici⁴
976 682 1218 738 scriptores
1243 685 1362 723 recte
1385 695 1488 739 pro-

10 699 258 791 fluxissent,
288 737 401 778 male
421 738 690 794 corripuisse
713 739 775 792 (v.
794 751 831 780 c.
853 735 1026 792 πνίγος
1048 742 1091 779 et
1111 736 1250 793 ῥῖγος
1269 752 1349 795 pro
1372 740 1484 780 πνῖ-

11 809 88 852 γος
107 799 151 837 et
168 793 351 849 ῥῖγος),
394 808 480 849 quo
502 793 629 835 modo
650 794 727 849 qui
754 792 893 834 latine
925 793 1176 835 balbutiunt
1204 793 1418 851 fatz‘ytmt
1443 798 1489 837 et

8 865 117 909 prop
131 855 266 893 “z‘nant
304 863 386 908 pro
419 848 632 907 fatzyant
661 855 705 891 et
728 854 983 904 propinant
1012 852 1300 905 pronuntiare
1331 852 1490 904 solent,

10 912 185 952 veteres
199 907 486 949 Grammatici
507 907 673 949 diserte
694 909 916 948 testentur
927 905 1046 961 (vide
1059 906 1239 949 Lobeclc.
1252 907 1307 949 ad
1318 906 1489 964 Phryn.

11 979 56 1023 p.
80 965 177 1008 107.
200 968 245 1007 et·
265 965 596 1019 grammaticum
613 962 731 1021 apud
742 962 1087 1016 G.Dindwfimn
1102 961 1248 1006 Praef.
1271 963 1490 1010 adArist.

12 1021 210 1065 Acharn.
231 1035 276 1078 p.
295 1019 451 1077 XV.),
481 1035 744 1078 magnopere
764 1033 945 1072 vereor,
977 1033 1031 1061 ne
1053 1019 1128 1075 qui
1147 1019 1192 1061 in
1211 1017 1273 1063 N.
1296 1020 1354 1065 Τ.
1372 1021 1435 1063 θλ
1445 1024 1494 1064 E-

11 1084 118 1133 ψις,
149 1081 306 1135 κρῖμα
328 1080 372 1120 et
392 1077 481 1119 alia
510 1076 763 1137 hujusmodi
792 1090 912 1120 voce.
940 1076 1146 1134 similiter
1176 1076 1366 1130 scribat,
1405 1092 1492 1120 non

11 1134 320 1188 librariorum,
352 1133 430 1177 sed
447 1135 703 1190 scriptorum
723 1133 829 1177 vitia
852 1133 1063 1187 corrigat.
1121 1131 1282 1189 Itaque
1304 1132 1496 1189 θλίψιν

14 1192 126 1234 alias
161 1206 214 1233 ue
253 1190 462 1234 similiter
492 1196 719 1248 correptas
749 1204 878 1233 voces
910 1189 1133 1242 retinebo,
1175 1189 1310 1232 donec
1337 1205 1413 1232 eas
1445 1192 1491 1233 in

13 1247 76 1292 N.
104 1206 163 1292 Ἰεἰ
189 1247 493 1306 producendas
526 1262 625 1290 esse
651 1248 823 1289 idoneis
851 1247 1122 1302 argumentis
1150 1247 1316 1304 aliquis
1341 1252 1490 1290 osten-

15 1304 148 1349 derit.
206 1302 284 1347 ἐπὶ
303 1306 450 1347 πᾶσαν
475 1305 622 1361 ψυχὴν
653 1303 919 1362 ἀνθρώπου]
953 1303 1130 1346 Omnem
1157 1306 1392 1347 (enimam
1419 1305 1495 1346 lto-

16 1361 147 1404 mz'm‘s
177 1375 256 1418 per
281 1361 749 1418 circumloquutionem
784 1375 865 1418 pro
895 1361 1010 1402 omni
1035 1360 1203 1402 homine
1231 1361 1494 1418 scriptorem

16 1432 280 1460 memorasse
310 1420 386 1475 (cf.
417 1419 568 1474 13,1.)
593 1418 718 1460 docet
744 1433 809 1461 VS.
840 1418 910 1460 10.
938 1417 1130 1473 (παντὶ
1156 1418 1228 1472 τῷ
1263 1417 1497 1473 ἐργαζο-

15 1491 48 1529 μ
62 1475 161 1530 ένῳ
181 1475 232 1517 τὸ
254 1473 461 1532 ἀγαθόν).
522 1475 642 1518 Male
661 1475 800 1529 igitur
810 1474 1039 1516 Rueckert.
1062 1473 1111 1515 eti
1133 1474 1386 1531 periphrasi
1406 1489 1497 1516 nom

17 1531 169 1587 aguit-¹⁴1
200 1529 254 1574 P.
285 1532 366 1573 hoc
405 1533 648 1583 affirmare,
696 1533 794 1574 fore
834 1535 885 1572 ut.
919 1531 1232 1572 sceleratorum
1271 1531 1495 1572 hominum

18 1588 153 1631 animi
169 1587 421 1630 crucientur
441 1588 675 1631 dictitavit.
735 1588 823 1642 Qui
849 1584 905 1628 ile
934 1587 1015 1628 hoc
1044 1586 1219 1642 quidem
1244 1587 1499 1630 censidera-

16 1644 105 1698 vit,
133 1643 421 1701 perferendos
440 1645 486 1687 in
507 1644 674 1700 geenne
693 1644 916 1685 cruciatus
939 1642 992 1684 de
1011 1657 1074 1686 ss.
1099 1644 1365 1700 scriptorum
1390 1659 1499 1686 sen·

20 1700 160 1743 tentia
178 1701 236 1744 ad
256 1716 410 1757 corpus
428 1703 619 1744 maxime
640 1705 838 1758 spectare
863 1697 972 1756 [vid.
990 1697 1130 1743 Marc.
1149 1701 1191 1753 9,
1201 1700 1274 1744 43.
1297 1716 1365 1758 sq.
1385 1700 1496 1745 Luc.

21 1758 90 1811 12,
101 1757 146 1802 4.
166 1757 209 1801 5.
233 1759 289 1802 cl.
310 1758 377 1811 16,
387 1759 460 1802 24.
488 1763 532 1801 et
554 1758 715 1802 Matth.
739 1757 928 1812 10‚28.].
986 1755 1169 1800 Scilicet
1198 1756 1253 1799 oh
1279 1757 1326 1800 id
1354 1758 1499 1815 ipsum

19 1814 221 1857 homines
249 1814 375 1872 impii
404 1831 430 1858 a
449 1814 617 1858 Massia
646 1816 691 1858 in
719 1814 854 1858 vitam
883 1813 1228 1866 revocabuntur,
1266 1818 1316 1856 ut
1346 1830 1500 1857 eorum

21 1886 207 1929 corpora
229 1871 275 1914 in
297 1873 481 1915 tartaris
491 1876 782 1929 torqueantur
792 1871 820 1915 J
823 1871 894 1914 oh.
904 1869 948 1925 5„
958 1871 1030 1915 29.
1041 1871 1268 1928 Apoc.20‚
1280 1871 1334 1913 13
1352 1898 1396 1903 -
1410 1871 1500 1915 15..

22 1931 104 1971 τοῦ
135 1927 511 1987 κατεργαζομένου
537 1929 588 1971 τὸ
607 1926 759 1984 κακόν]
794 1927 1053 1984 The0p1³eyl.:
1076 1954 1126 1959 —
1163 1927 1214 1970 τὸ
1237 1927 1369 1970 κακὸν
1388 1942 1500 1969 κατ-

21 1983 330 2044 εργαζόμενρς,
377 1986 604 2028 τουτέστιν
640 1983 921 2039 ἐπιμένων
962 1987 1054 2027 καί
1087 1982 1157 2039 μὴ
1197 1984 1497 2048 μετανοῶν.

30 2040 94 2084 Οὔ
120 2040 203 2097 γὰρ
243 2044 365 2084 εἶπεν
396 2041 705 2098 ἐργαζόμενος,
755 2039 870 2083 ἀλλὰ
898 2037 1323 2096 κατεργαζόμενος,
1366 2034 1503 2097 ἦγουν

23 2097 208 2154 μελέτην
225 2094 493 2152 ποιούμενος
507 2096 558 2139 τὸ
578 2095 724 2140 κακόν.
783 2096 907 2140 Haec
930 2100 1001 2139 est
1016 2098 1086 2139 vis
1106 2096 1342 2154 Temporis
1370 2111 1501 2154 prae-

26 2154 164 2196 sentis
191 2149 238 2210 (ὃ
265 2152 634 2211 κατεργαζόμενος
660 2153 710 2196 τὸ
737 2151 868 2196 κακόν
904 2168 945 2197 v.
974 2156 1044 2198 10.
1073 2149 1096 2195 ὃ
1127 2151 1417 2208 ἐργαζόμενος
1443 2151 1495 2196 τὸ

27 2207 242 2266 ἀγαθόν),
279 2226 367 2253 non
394 2212 519 2255 verbi
546 2210 792 2268 compositi.
850 2210 1081 2252 Differunt
1106 2224 1210 2252 sane
1240 2224 1309 2254 W.
1338 2225 1501 2265 κατερ-

27 2262 247 2322 γάζεσθαι
263 2271 309 2309 et
329 2265 619 2324 ἐργάζεσθαι,
657 2272 701 2309 et
720 2266 895 2323 quidem
926 2267 1082 2309 multis
1111 2265 1276 2319 modis,
1315 2279 1500 2322 quorum

29 2321 115 2364 duo
135 2323 413 2379 potissimum
432 2327 476 2367 in
488 2324 548 2368 N.
563 2324 621 2368 T.
644 2325 997 2380 frequentantur.
1055 2325 1154 2367 Aut
1174 2323 1287 2365 enim
1307 2323 1370 2364 ibi
1391 2321 1503 2364 κατά

29 2377 153 2423 verbi
172 2379 386 2437 simplicis
402 2381 489 2423 vim
509 2385 640 2436 auget
660 2382 737 2437 (cf.
760 2396 801 2424 v.
831 2395 868 2424 c.
901 2378 1248 2436 καταλὴθεσθαί
1272 2393 1390 2428 τινος
1420 2379 1501 2421 ali-

31 2434 159 2492 cujus
187 2436 348 2490 plane
377 2437 607 2492 oblivisci),
647 2442 722 2479 aut
749 2438 793 2478 in
822 2437 1087 2479 deteriorem
1114 2441 1281 2492 partem
1309 2434 1355 2477 id
1384 2435 1501 2477 flecti

23 2491 149 2550 *quod
170 2492 347 2534 verbum
369 2493 556 2550 simplex
574 2495 774 2536 enuntiat
794 2493 1004 2551 exprimit
1029 2493 1104 2547 (cf.
1125 2507 1165 2534 v.
1188 2507 1224 2535 c.
1243 2492 1504 2533 καταλαλεῖ»)

3 2546 133 2605 ‚eamd
161 2548 290 2590 alicui
317 2549 591 2605 obtrectare).
653 2550 742 2592 Illo
780 2556 908 2608 pacto
940 2546 1322 2604 κατεργάζεσθαι
1343 2547 1502 2604 perfi-

0 2584 30 2628 ,ἃ

12 2618 127 2654 :cere
149 2609 294 2657 notat,
324 2606 512 2648 maxime
536 2621 628 2648 rem
654 2606 834 2648 arduam
854 2607 1068 2661 factuque
1095 2604 1319 2646 difficilem
1348 2604 1502 2660 (Rom.

32 2661 159 2715 '7,18.
191 2660 339 2715 15‚18.
372 2660 490 2704 Phil.
508 2662 632 2715 2,12.
662 2663 757 2707 Jac.
777 2663 944 2718 1‚20.),
984 2676 1116 2718 quum
1148 2658 1414 2717 ἐργάζεσθαι
1442 2662 1504 2703 sit

33 2715 204 2774 facere3
246 2718 326 2760 hoc
355 2715 706 2773 κατεργάζεσθαι
731 2723 983 2774 perpetrare
1011 2718 1228 2773 significat
1254 2716 1503 2775 diciturque

36 2772 89 2816 de
107 2773 265 2827 rebus,
294 2789 404 2831 quae
423 2775 535 2816 fiunt
552 2789 637 2816 non
657 2775 839 2817 honeste
857 2774 942 2829 (sic
961 2774 1006 2817 h.
1026 2775 1057 2818 l.
1087 2774 1217 2817 Rom.
1237 2775 1358 2827 1‚27.
1379 2776 1421 2827 7,
1433 2776 1503 2817 17.

0 2862 2 2875 ι
36 2829 109 2875 20.
142 2832 167 2873 l
187 2829 406 2883 Cor.5,3.
436 2833 459 2872 1
481 2830 604 2874 Petr.
635 2830 731 2884 4‚3.
757 2832 814 2874 al.
846 2830 1012 2885 Evang.
1041 2831 1239 2873 Thomae
1267 2830 1503 2874 Israelitae

0 2885 2 2941 ξ
41 2900 77 2929 c.
98 2886 140 2931 5.
159 2887 205 2930 in
229 2887 278 2933 S.
303 2889 416 2932 Ven.
442 2887 631 2930 Thilom‘s
648 2886 756 2933 cod.
787 2903 857 2946 ap.
888 2886 948 2931 N.
978 2886 1036 2931 T.
1055 2886 1102 2941 I,
1131 2903 1176 2946 p.
1192 2888 1331 2943 286.).
1389 2886 1503 2931 Con-³
