1752 3347
512 152 670 199 CAP.
709 155 765 199 V.
828 154 915 198 vs.
949 154 1033 199 12..
1430 152 1515 195 305

31 267 210 313 tuntur,
251 276 362 319 quae
391 262 564 316 singula
596 262 812 315 exagitari
847 275 929 302 non
960 273 1140 303 necesse
1168 263 1254 303 est.
1314 259 1501 307 (lec-um..

31 321 161 363 credo
192 324 241 361 ut
275 318 612 375 Pelagianorum
642 319 904 360 sententiam
939 332 962 359 e
990 315 1045 362 Ρ.
1077 331 1117 360 v.
1146 321 1342 369 erueret,
1390 315 1499 358 hanc

31 377 370 434 explicationem
410 376 669 435 proposuit:
709 381 835 430 post
870 388 1014 431 «sicem,
1061 373 1307 425 Adamum,
1354 386 1498 415 ‹mv-nes

27 438 263 490 peccarunt
300 430 392 488 (ἐφ’
420 425 480 489 ᾧ,
504 431 668 485 Ἀδὰμ,
710 428 764 473 δι’
794 426 864 480 ὃν,
892 428 1053 483 Ἀδὰμ,
1088 430 1113 486 ἢ
1136 430 1207 472 ὅτι
1238 428 1322 472 ἐπ’
1353 425 1498 485 αὐτῷ

33 491 130 533 καὶ
158 486 211 531 οὶ
240 482 403 530 ἄλλοι
431 503 472 532 v.
494 489 717 530 Matthiae
735 491 840 539 αιιεὲξ.
862 502 919 540 gr.
942 487 1019 543 (⁵2²²
1039 485 1108 530 ΙΙ.
1137 502 1180 544 p.
1199 487 1328 540 11027.
1360 485 1498 531 leur.

31 547 104 598 14,
126 545 234 599 16.).
293 545 418 587 Grot.
444 558 525 598 per
554 557 677 598 quem
705 543 757 595 (i.
780 558 818 585 e.
848 540 900 584 δι’
934 544 1008 592 οἱ),
1038 557 1123 584 non
1155 540 1222 597 ἐφ’
1253 542 1333 598 (Ji),
1366 542 1497 584 Ada-

30 615 172 654 mum,
209 612 352 642 omnes
388 612 559 653 poena
571 612 613 639 m
650 598 958 642 subierunt.
1023 599 1220 641 Elsner.:
1263 602 1496 652 propter

27 671 197 715 quem,
230 655 473 705 Adamum,
512 667 656 695 onmes
691 658 1013 708 peccatores
1041 653 1234 707 ,habiti
1258 657 1360 696 sunt
1395 655 1495 710 (up.

32 728 163 772 quum
187 711 246 754 iis
264 709 433 754 Adami
456 711 629 752 facinus
660 710 992 767 imputaretur).
1067 709 1230 754 walch:
1265 714 1494 766 propterea

27 770 138 827 quod
157 783 300 811 omnes
325 768 544 823 peccati
570 781 703 822 poen
716 782 743 809 (ι
755 781 798 808 m
824 767 1229 810 sustinuerunt.
1296 766 1495 809 schottus

25 828 60 872 l.
79 841 118 870 c.
148 841 193 883 p.
211 823 312 868 335.
342 825 452 881 quod
477 837 620 867 omnes
643 827 928 878 peccaverunt
955 821 1070 864 idem
1097 823 1244 866 valere
1273 822 1360 865 sibi
1390 837 1493 880 per-

26 883 193 935 suasit,
224 879 341 938 quod
367 880 467 938 (μιῖα
494 880 788 924 vitiositas
818 879 882 922 ab
913 878 1118 922 Adamo
1147 880 1215 922 ad
1240 884 1494 935 posteros

25 938 267 983 devenit!
325 937 513 990 Gulvin.,
551 951 735 993 quocum
763 936 940 979 Boelem.
967 940 1012 977 et
1044 936 1242 979 TleoIncc.
1269 937 1363 978 fere
1391 951 1493 978 con-

25 996 247 1039 sentiunt:
322 992 628 1050 landoquidem
658 1008 809 1036 omnes
840 993 1033 1047 corrupta
1060 992 1240 1049 suerunt
1266 999 1308 1035 et
1336 993 1496 1046 vitiati,

23 1053 209 1110 (quippe
229 1066 252 1093 a
303 1056 511 1108 epravato
530 1049 705 1093 Adamo
725 1050 902 1106 geniti).
959 1048 1104 1092 Aliud
1125 1063 1229 1091 vero
1248 1055 1317 1091 est
1341 1044 1494 1104 ἁμαρ-

21 1112 113 1152 τεῖν
139 1109 357 1166 (peccavit
387 1109 501 1150 enim
533 1107 608 1164 qui
641 1108 711 1150 vel
737 1107 873 1162 semel
898 1111 973 1148 aut
1004 1107 1163 1148 iterum
1192 1107 1316 1148 nefas
1347 1105 1492 1159 fecit),

26 1164 149 1208 aliud
180 1163 554 1221 πεπληρωμένον,
602 1163 762 1217 μεστὸν
789 1164 902 1205 εἰναι
930 1159 1079 1219 πάσης
1109 1159 1287 1213 ἀδικίας
1321 1164 1395 1217 (l,
1417 1162 1491 1207 29.

19 1223 93 1274 15,
115 1223 224 1278 14.).
279 1220 339 1263 Et
361 1220 436 1262 uhi
454 1219 629 1262 tandem
648 1220 701 1264 P.
724 1220 887 1262 Adami
908 1225 1109 1262 naturam
1136 1219 1369 1262 commisso
1387 1234 1491 1277 pec-

20 1283 119 1322 cato
152 1277 435 1335 depravatam
463 1291 563 1319 esse
590 1274 802 1334 scripsit?
877 1276 1007 1319 Nihil
1035 1281 1163 1332 agat,
1213 1277 1290 1333 qui
1326 1276 1494 1319 Gulvini

20 1335 271 1393 opinionem
300 1335 383 1376 hae
415 1334 708 1390 explicatione
740 1335 858 1375 tueri
880 1333 1090 1377 voluerit:
1117 1339 1353 1390 propterea
1374 1331 1492 1388 quod

20 1406 173 1435 omnes
189 1424 202 1446 ,
232 1405 360 1448 quum
381 1404 409 1432 a
433 1391 666 1445 depravato
685 1390 856 1432 Adamo
883 1390 1086 1444 oriye'nem
1116 1391 1361 1441 traxerint,
1388 1403 1489 1443 pec-

17 1463 120 1493 care
147 1447 351 1500 solent,
380 1451 475 1488 tum
499 1447 602 1503 quia
621 1448 858 1490 Aoristum
880 1446 975 1489 h.1.
995 1447 1109 1487 male
1130 1446 1365 1503 ceperit*),
1395 1450 1490 1487 tum

21 1503 140 1562 quod
168 1517 250 1546 sua
273 1502 467 1557 cogitata
515 1506 663 1559 (quum
692 1518 720 1545 α
748 1504 1051 1557 depravato
1082 1503 1251 1544 Adamo
1283 1501 1488 1555 oriyz'nem

17 1560 263 1615 traxerint)
291 1557 434 1602 Paulo
456 1558 716 1601 obtruserit.
766 1556 881 1622 Pari
894 1563 1038 1598 autem
1055 1558 1235 1599 licentia
1255 1555 1490 1612 Pelagiani

17 1633 143 1661 suam
165 1615 415 1674 opinionem
434 1613 578 1657 Paulo
599 1615 883 1659 affinxerunt.
925 1613 1099 1668 Pela9.:
1127 1614 1212 1667 „in
1229 1629 1314 1671 quo
1338 1629 1490 1656 omnes

16 1675 274 1734 peccarunt]
306 1673 352 1716 h.
370 1686 410 1716 e.
433 1671 479 1714 in
500 1686 552 1714 eo
572 1670 690 1728 quod
709 1686 858 1714 omnes
887 1674 1125 1728 peccarunt
1152 1671 1346 1725 exemplo
1362 1671 1489 1712 Adae

15 1730 251 1790 peccant.”
307 1728 407 1771 Hoc
445 1728 607 1771 sumsit
646 1726 827 1783 Pelag.,
862 1742 950 1770 non
989 1726 1107 1769 dixit
1134 1725 1208 1771 Ρ..
1267 1727 1490 1770 Similiter

14 1789 207 1833 Photius
229 1801 302 1844 ap.
321 1785 429 1830 Oec.
448 1784 504 1828 ad
523 1785 568 1830 h.
586 1786 621 1829 l.
643 1787 710 1841 (et
728 1785 783 1827 ad
801 1800 843 1830 v.
858 1785 951 1839 18.)
979 1783 1220 1842 explicuit:
1248 1788 1490 1842 propterea

16 1844 136 1903 quod
164 1857 315 1887 omnes
348 1842 543 1898 exemplo
574 1842 627 1884 ab
655 1842 825 1885 Adamo
857 1845 982 1896 capto
1008 1844 1259 1897 peccarunt.
1320 1839 1399 1896 ἐφ’
1431 1833 1488 1897 ᾦ]

9 1900 111 1944 Ἐπὶ
136 1897 301 1955 τούτῳ,
340 1899 472 1954 φησὶ,
513 1897 937 1953 συναποθνήσκομεν
965 1901 1027 1951 τῷ
1045 1894 1206 1949 Ἀδὰμ,
1247 1892 1316 1952 ἐφ’
1345 1895 1379 1952 ᾠ
1409 1898 1486 1938 καὶ

16 1953 419 2011 συναμαρτάνομεν.
457 1951 552 1995 Καὶ
567 1952 647 2009 τὴν
664 1953 745 2006 μὲν
765 1951 900 2009 ἀρχὴν
923 1952 1084 2003 ἐκεῖνος
1105 1950 1339 2009 παρέσχεν,
1360 1946 1485 2007 ἡμεῖς

16 2015 66 2057 δὲ
93 2011 322 2056 ἐκεῖθεν
359 2008 454 2064 τὴν
490 2006 753 2065 ἀφορμὴν
790 2005 1059 2062 λαβόντες
1098 2005 1176 2051 οὐκ
1202 2007 1484 2061 ἐκωλύσαμεν

14 2068 67 2113 τὸ
87 2066 236 2120 κακὸν,
251 2062 364 2108 ἀλλά
382 2065 458 2107 καὶ
476 2062 805 2122 συνηργήσαμεν
821 2067 894 2107 καὶ
915 2063 992 2107 ἐπὶ
1009 2063 1121 2122 μέγα
1134 2066 1340 2122 χωρῆσαι
1358 2080 1484 2122 παρ-

13 2121 324 2174 εσκευάσαμεν.
391 2119 562 2163 Adami
589 2121 748 2164 delicto
777 2122 938 2164 factum
962 2136 1061 2164 esse
1087 2126 1136 2164 ut
1163 2136 1312 2163 omnes
1341 2121 1483 2163 homi-

13 2197 92 2225 nes
114 2185 298 2239 propter
315 2183 495 2238 peccata
515 2192 628 2236 quae
646 2183 901 2237 patrassent
920 2183 1062 2223 morte
1089 2178 1399 2232 afficerentur,
1426 2177 1485 2226 P.

60 2312 101 2354 *)
125 2311 313 2346 Aoristum
329 2309 367 2345 in
387 2323 427 2345 re
446 2309 525 2345 fieri
542 2307 645 2345 solitzi
664 2311 772 2356 poni,
796 2323 872 2345 non
898 2311 996 2357 quod
1014 2310 1179 2346 on-istus
1206 2309 1482 2343 consuetudinis

107 2356 296 2392 notionem
316 2357 597 2403 complectatur,
618 2358 681 2391 sed
700 2356 761 2401 qui
778 2357 818 2391 in
838 2355 1014 2391 sententia
1032 2356 1187 2401 generali
1216 2361 1277 2389 aut
1304 2367 1343 2388 re
1370 2367 1482 2401 quam

108 2413 224 2447 usque
241 2403 382 2437 evenire
397 2414 505 2436 nemo
522 2403 678 2445 nesciat,
700 2409 739 2437 ut
761 2403 831 2438 dici
857 2404 1000 2447 aliquid
1015 2404 1111 2447 fieri
1134 2404 1253 2436 solere
1279 2401 1394 2435 lector
1417 2399 1479 2434 in-

106 2448 264 2494 telligat,
300 2449 381 2483 satis
403 2448 448 2482 sit
472 2448 714 2492 remfactam
735 2461 813 2483 esse
830 2450 1025 2484 memorari
1049 2454 1189 2484 constat
1214 2448 1266 2491 (v.
1283 2446 1417 2481 Herm.
1434 2446 1482 2481 de

110 2493 254 2528 emend.
273 2501 342 2528 rat.
363 2507 416 2539 gr.
437 2494 687 2540 grammaticae
706 2507 743 2541 p.
763 2496 840 2529 187.
859 2501 895 2529 et
912 2495 955 2530 ad
975 2494 1055 2539 vig,
1073 2508 1108 2540 p.
1129 2493 1207 2528 745.
1228 2492 1286 2527 ed.
1301 2490 1355 2536 4.)
1393 2491 1479 2527 Noli

103 2541 215 2584 igilur
241 2539 385 2584 mirari,
414 2539 511 2584 quod
536 2540 715 2573 interdum
743 2541 850 2575 etIam
866 2541 1077 2584 Perfectum
1102 2541 1153 2574 sie
1174 2545 1383 2583 usurpatum
1408 2544 1478 2575 est.

107 2585 220 2620 Thuc.
237 2587 273 2628 2,
290 2586 347 2620 45.
396 2582 546 2627 Φθόνος
569 2585 641 2631 γὰρ
670 2588 747 2629 τοῖς
767 2587 851 2628 ζῶσι
876 2581 970 2633 πρὸς
997 2586 1038 2622 τὸ
1057 2584 1280 2628 ἀντίπαλον,
1307 2583 1349 2621 τὸ
1367 2583 1407 2620 δὲ
1425 2585 1478 2629 μὴ

108 2630 278 2677 ἐμποδὼν
295 2629 592 2679 ἆνανταγωνίοτῳ
607 2629 731 2678 εὐνοίᾳ
755 2647 799 2668 τε
811 2634 947 2678 τίμητ
959 2647 981 2667 α
995 2647 1018 2668 ι.
1067 2632 1137 2666 Sed
1162 2632 1231 2667 hoc
1250 2633 1478 2665 rhetoricum

107 2677 271 2719 schema,
296 2690 368 2722 quo
387 2683 511 2723 poetae
525 2677 695 2719 maxime,
719 2687 878 2713 oratores
905 2679 1037 2724 quique
1061 2679 1155 2712 elato
1179 2676 1321 2712 dicendi
1346 2689 1478 2723 genere

106 2722 330 2758 delectantur
347 2725 398 2757 uti
418 2723 553 2764 solent,
575 2731 711 2758 temere
735 2725 772 2757 in
799 2724 896 2758 huuc
915 2725 936 2759 l.
965 2723 1180 2764 transferas,
1203 2729 1236 2757 et
1264 2722 1346 2768 quia
1370 2734 1477 2770 prae-

108 2769 275 2813 cedentes
294 2768 429 2804 Aoristi
447 2781 503 2803 res
525 2769 646 2814 utique
665 2770 772 2804 factas
787 2776 953 2812 narrant,
979 2777 1012 2803 et
1031 2775 1176 2816 propter
1197 2767 1347 2812 πάντες.
1391 2770 1474 2802 Iino

5 2827 8 2842 ÷
90 2810 163 2866 ἡἐφ’
182 2815 208 2860 ᾧ
227 2813 360 2858 πάντες
376 2812 717 2865 ἆμαρτάνουσινρἰς
734 2815 964 2856 scribendum
981 2816 1108 2853 fuerat.

7 2870 10 2882 ¹
66 2857 254 2897 Iriezsohe
273 2862 339 2909 Ep.
360 2863 417 2902 ad.
436 2862 545 2903 Rom·
991 2860 1038 2905 U
