1752 3347
226 177 316 209 xxx
668 156 1265 210 PROLEGOMENA.

226 272 430 311 modatam
458 268 578 310 facile
608 268 863 308 conscribere
893 273 1034 316 posset
1061 267 1130 316 (ef.
1162 269 1202 322 §.
1224 269 1300 320 2.).
1357 267 1493 322 ltaque
1511 271 1700 313 Phoeben

227 335 393 379 nactus,
423 328 485 367 eui
505 327 641 366 literas
664 325 836 365 Romam
865 321 1123 387 perfer-,endas
1145 333 1249 365 reete
1269 326 1548 380 committeret,
1579 342 1701 369 aeon-

226 392 358 425 ratam
376 392 412 423 et
432 379 684 435 praeclaram
703 379 842 423 Tertio
865 378 1030 418 dietavit
1047 378 1284 434 epistolam,
1312 394 1432 433 quam
1445 384 1605 426 Phoebe
1626 399 1700 438 per

225 441 383 482 itineris
403 439 576 481 Romam
595 437 769 479 faciendi
790 435 1130 488 opportunitatem
1145 435 1345 481 Romanis
1365 441 1547 483 redderet
1565 443 1635 495 16,
1655 444 1699 486 1.

337 554 426 594 Hoc
447 558 579 592 antem
606 548 774 590 consilio
793 547 840 590 P.
870 547 1085 600 epistolam
1108 549 1358 603 composuit,
1395 558 1450 593 ut
1468 551 1697 595 Romano-

222 623 325 652 rum
353 612 432 662 qui
459 608 630 650 Christo
659 620 704 646 se
732 609 781 646 in
809 606 1098 659 disciplinam
1125 607 1349 648 dedissent
1373 610 1568 651 studium
1594 613 1697 650 ani-

222 662 655 720 mumque-firmaret
676 665 713 715 l,
737 664 806 704 ll.
828 676 888 714 sq.
920 664 988 715 15,
1012 663 1080 705 14.
1105 677 1167 715 sq.
1201 665 1268 716 16,
1291 666 1380 707 25..
1437 667 1527 708 Jam
1550 675 1698 708 eertum

224 725 424 776 quoddam
440 720 601 761 vivendi
630 733 758 772 genus
781 719 1031 774 ingressum,
1071 727 1113 760 ut
1143 721 1186 760 in
1211 721 1410 762 sententia
1437 724 1632 775 persistat
1660 730 1697 764 et

222 793 326 832 quae
348 778 532 831 probarit
552 777 737 817 instituta
755 784 1045 830 persequatur,
1076 778 1300 830 perpellere
1322 779 1356 818 si
1377 780 1579 832 volueris,
1608 780 1697 821 duo

221 844 265 877 ut
295 836 527 887 assequaris
542 834 811 875 laborandum
831 835 903 874 tibi
935 840 1011 877 est.
1071 835 1177 875 Nam
1208 835 1380 887 primum
1404 838 1560 888 quidem
1585 851 1632 877 eo
1657 845 1695 877 te

222 895 461 935 contendere
485 897 662 943 oportet,
702 898 742 929 ut
769 891 974 944 instituto,
1014 891 1055 930 in
1076 904 1152 943 qno
1185 894 1327 932 tuendo
1347 893 1520 944 aliquem
1546 893 1697 933 contir-

219 964 334 992 mare
360 948 610 999 decreveris,
649 948 751 987 nihil
770 947 929 999 verius,
965 948 1070 988 nihil
1093 949 1326 1000 honestius,
1358 950 1461 990 nihil
1484 950 1694 991 salubrius

220 1008 397 1050 inveniri
429 1019 553 1059 posse
583 1006 753 1056 doceas,
792 1018 868 1055 quo
894 1004 963 1044 ille
986 1006 1155 1045 consilio
1188 1019 1259 1046 suo
1287 1009 1479 1055 gaudeat.
1538 1007 1692 1048 Deinde

220 1072 265 1106 ut
285 1067 332 1106 ad
356 1062 596 1115 disciplinae
617 1075 715 1102 suae
744 1061 959 1100 formulam
978 1063 1103 1101 vitam
1126 1062 1273 1115 dirigat
1299 1064 1450 1104 amicus
1473 1066 1695 1105 admonen-

222 1125 298 1164 dus
318 1127 401 1173 est,
439 1134 489 1160 ne
510 1133 582 1171 per
602 1119 800 1159 levitatem
820 1118 954 1170 potius
974 1131 1093 1168 quam
1115 1120 1337 1159 rationibus
1359 1121 1570 1172 diligenter
1593 1122 1695 1161 sub-

220 1179 351 1221 ductis
374 1177 548 1229 alicujus
570 1182 720 1216 sectam
737 1181 928 1226 sequutus
948 1188 1039 1214 esse
1058 1175 1257 1216 videatur.
1316 1175 1448 1228 Hauc,
1480 1189 1599 1227 quam
1624 1191 1691 1218 res

220 1237 314 1288 ipsa
332 1234 600 1288 praeseribit,
632 1232 862 1283 disputandi
879 1230 987 1270 viam
1006 1231 1054 1272 P.
1077 1231 1287 1281 ingressus
1309 1239 1380 1273 est.
1439 1231 1519 1282 Qui
1540 1239 1582 1273 nt
1605 1237 1694 1275 Ro-

217 1307 362 1334 manos
382 1292 421 1331 in
439 1289 594 1331 Christi
615 1288 833 1339 disi-imina
859 1288 1142 1327 corroboraret
1163 1290 1238 1328 duo
1260 1287 1336 1329 sibi
1367 1287 1574 1331 efficienda
1599 1304 1692 1332 esse

216 1351 339 1391 vidit:
385 1360 530 1398 unum,
576 1353 618 1384 ιιι
648 1344 816 1386 Christi
850 1343 1100 1385 doctrinam
1134 1352 1345 1398 tanquam
1374 1360 1466 1386 rem
1496 1348 1694 1389 omnibu-s

216 1407 400 1460 gemmis
418 1405 550 1455 longe
569 1404 942 1455 praestantiorem
957 1404 1053 1442 tom
1071 1410 1214 1442 mente
1224 1402 1440 1456 foverent
1457 1411 1501 1444 et
1520 1406 1691 1458 ample-

216 1469 468 1505 xarentur:
523 1460 718 1509 alterum,
754 1466 806 1498 ut
830 1473 892 1498 ex
920 1461 1206 1499 sanctissimis
1236 1459 1406 1501 Christi
1430 1466 1693 1515 praeceptis

214 1526 435 1569 viverent,
465 1531 514 1557 ne
533 1518 643 1556 leves
668 1515 800 1566 potius
820 1514 975 1555 Christi
993 1522 1262 1555 assentatores
1276 1547 1289 1568 ,
1317 1530 1435 1568 quam
1455 1518 1688 1571 obsequiosi

216 1576 407 1629 discipuli
449 1575 785 1614 existimarentur.
872 1571 961 1611 Hoc
998 1575 1292 1624 paraenetica
1335 1573 1534 1625 epistolae
1575 1585 1689 1628 parte

214 1650 251 1676 c,
272 1635 341 1676 12,
360 1644 450 1684 sqq.
473 1630 570 1683 egit.
625 1629 730 1669 Illud
766 1629 1021 1680 dogmaticd
1040 1629 1246 1669 literarum
1269 1642 1432 1670 suarum
1453 1639 1565 1684 parte
1592 1647 1625 1674 c.
1649 1635 1688 1675 l.

213 1692 352 1733 --11.
382 1687 571 1738 consequi
599 1685 772 1735 studuit,
813 1697 914 1737 quae
930 1692 1014 1725 tota
1033 1688 1083 1726 ad
1105 1686 1308 1726 doctrinae
1329 1686 1471 1731 christ.
1495 1703 1684 1730 reveren-

212 1749 310 1789 tiam
351 1752 386 1786 ct
427 1743 729 1784 admirationem
759 1743 799 1782 in
839 1742 1057 1783 lectoribus
1093 1741 1348 1784 excitandam
1383 1748 1686 1799 augendamque

215 1803 377 1857 egregie
409 1801 636 1854 composita
663 1806 738 1840 est.
796 1799 957 1852 Quippe
984 1813 1065 1839 nou
1093 1806 1278 1850 poterant
1296 1801 1472 1842 Romani
1499 1816 1579 1844 non
1602 1805 1684 1845 sibi

211 1859 439 1915 gratulari,
478 1860 580 1910 quod
600 1863 730 1898 essent
751 1856 998 1907 Christiani,
1036 1869 1179 1909 quum,
1218 1859 1320 1909 quod
1343 1872 1468 1912 neque
1498 1873 1687 1912 pagano..

209 1933 301 1960 rum
330 1915 638 1968 superstitiones
664 1913 898 1966 neque'eliV.
928 1913 1061 1953 Mosis
1091 1923 1307 1966 praecepta
1337 1916 1491 1957 efficere
1528 1919 1685 1969 potuis-

211 1982 323 2025 sent,
374 1986 496 2013 unam
531 1972 684 2012 Christi
721 1971 941 2011 doctrinam
975 1971 1159 2011 omnihus
1199 1972 1423 2024 promiscue
1449 1974 1682 2016 hominibus

213 2038 406 2086 quotquot
426 2031 538 2070 tidem
567 2029 608 2069 in
629 2028 790 2069 Christo
814 2027 1086 2068 collocassent
1114 2035 1152 2067 et
1175 2041 1329 2071 summa
1359 2044 1534 2083 quaeque
1558 2046 1682 2072 orna..

210 2097 346 2131 menta
364 2087 538 2128 tribuere
559 2093 595 2126 et
619 2086 886 2136 sempiternae
907 2085 1013 2126 vitae
1043 2092 1179 2137 portas
1205 2087 1409 2126 recludere
1426 2100 1451 2127 a
1474 2090 1623 2129 diserto
1644 2099 1682 2130 et

212 2149 279 2201 qui
305 2157 437 2187 rerum
456 2144 537 2187 div.
556 2141 683 2183 studio
705 2143 893 2194 flagraret
915 2142 1113 2194 Apostolo
1138 2143 1279 2184 moniti
1299 2151 1433 2184 essent
1465 2159 1499 2186 c.
1521 2147 1683 2190 1.—3.

212 2208 254 2256 5,
277 2203 467 2245 1.—ll.
509 2215 544 2240 c.
571 2200 614 2242 7.
645 2207 681 2239 et
712 2200 771 2241 8..
828 2199 1094 2240 Admirabilis
1121 2207 1252 2240 antem
1279 2198 1433 2241 Christi
1462 2202 1680 2255 disciplina

210 2260 411 2304 Romanis
424 2256 550 2300 videri
570 2256 754 2306 debebat,
783 2258 885 2307 quod
908 2254 1028 2297 aDeo
1047 2256 1221 2309 profecta
1241 2265 1363 2309 esset,
1392 2262 1496 2310 quod
1517 2261 1682 2310 «liguum

214 2332 303 2359 eam
321 2318 431 2358 Deus
451 2313 694 2363 censuisset,
735 2323 852 2364 quam
874 2313 1014 2354 Moses
1050 2318 1088 2353 et
1122 2313 1340 2366 prophetae
1373 2328 1443 2366 per
1468 2317 1680 2358 involucra

215 2377 409 2428 quaedam
429 2379 548 2425 atque
566 2371 834 2422 integumenta
851 2371 1025 2410 suturam
1044 2373 1295 2411 ostenderent
1317 2372 1356 2423 3,
1371 2373 1440 2414 21.
1454 2373 1496 2425 4,
1514 2376 1552 2416 l.
1575 2387 1679 2427 sqq„

214 2435 317 2485 quod
350 2445 433 2471 rem
464 2428 635 2470 omnium
654 2425 937 2479 gravissimam
964 2428 1076 2467 Deus
1099 2427 1183 2467 suis
1214 2431 1263 2469 ad
1290 2442 1375 2468 earu
1399 2443 1421 2469 a
1441 2432 1575 2471 mundi
1595 2433 1680 2484 pri-

213 2488 381 2531 mordiis
402 2487 584 2527 consiliis
605 2485 913 2525 accommodatis
933 2483 1020 2536 ipse
1040 2485 1286 2528 declarasset
1308 2485 1349 2537 5,
1368 2487 1436 2529 12.
1459 2502 1519 2540 sq.
1533 2519 1544 2538 ,
1575 2492 1676 2539 quod

217 2543 517 2598 sapientissime
537 2555 625 2583 eam
646 2539 754 2581 Deus
775 2542 1042 2592 gubernaret,
1078 2550 1118 2583 ut
1138 2556 1279 2584 omncs
1299 2556 1368 2595 per
1387 2556 1475 2584 eam
1494 2544 1674 2585 homines

215 2604 433 2655 aliquando
460 2601 674 2640 beai-entur
698 2613 732 2640 c.
752 2598 966 2650 9.—ll.‚
995 2601 1098 2651 quod
1119 2600 1375 2642 sanctissima
1394 2608 1500 2644 esset
1520 2614 1675 2643 morum

215 2660 416 2711 magistra
438 2672 474 2698 c.
494 2656 536 2700 6.
564 2659 618 2709 (v.
639 2656 796 2698 omnino
819 2657 860 2710 §.
883 2657 924 2699 3.
946 2660 1010 2710 ρ’.)
1028 2656 1088 2709 ᾗ).

260 2798 303 2838 ss)
330 2798 504 2830 Virorum
528 2798 603 2831 m).
628 2798 672 2831 de
698 2797 865 2833 consilio.
910 2805 979 2840 quo
1007 2801 1123 2833 motus
1147 2797 1185 2832 Ρ.
1211 2797 1396 2841 epistolam
1423 2798 1470 2832 ad
1495 2799 1677 2834 nomano.-

304 2844 520 2888 contecerit,
554 2847 754 2878 sententias
782 2845 911 2885 partim
932 2854 1081 2887 prorsus
1097 2846 1375 2888 commentitius,
1410 2849 1541 2890 partim
1563 2849 1675 2880 iniun-
