1752 3347
528 170 1112 222 PROLEGOMENA.
1439 189 1561 221 xxvii

85 281 226 334 amicis
245 281 516 334 comperisse,
546 280 745 322 nonnulla
765 281 883 324 etiam
901 282 989 336 ipse
1007 282 1207 335 conjicere
1226 283 1421 334 potuerit3
1458 298 1558 336 qnos

84 346 218 381 autem
242 340 423 380 homines
455 338 586 380 salute
616 339 832 392 impertiit,
870 354 939 381 eos
969 341 1117 393 partim
1145 340 1239 381 aliis
1267 340 1309 381 in
1339 341 1441 381 locis
1472 341 1560 392 pri-

83 409 191 438 mum
210 397 322 438 visos
342 409 390 437 ao
411 396 550 436 deinde
570 394 744 437 Romam
765 397 1000 449 digressos,
1028 397 1175 449 partim
1192 410 1242 437 ne
1260 397 1372 437 visos
1397 398 1559 449 quidem

83 467 157 496 nec
185 454 266 495 nisi
294 450 416 495 famas
433 453 657 493 celebratos
686 454 914 508 salutavit]
956 455 1109 494 Evolve
1138 453 1424 495 Ammonium
1453 468 1558 505 pone

84 511 265 565 Koppii
287 509 453 561 Proleg.
491 523 532 562 p.
556 511 626 553 22.
648 524 732 564 sq.‚
768 510 1071 554 Rueokertum
1100 525 1143 566 p.
1164 512 1265 557 653.
1282 524 1346 565 sq.
1376 518 1415 554 et
1442 511 1557 555 Rei·-

82 567 232 611 ohium
249 566 282 619 1,
305 566 376 611 26.
395 579 486 619 sqq.
1482 607 1484 609 ,

797 693 844 743 β.

468 769 530 804 DE
562 770 829 804 EPISTOLAE
862 770 1172 806 ARGUMENTO.

192 845 439 897 Primariae‚
470 859 571 898 quas
589 860 654 898 cp.
676 849 729 887 ad
747 845 867 888 Rom.
887 846 1074 898 eontinet,
1103 848 1322 890 sententiae
1345 851 1423 891 hae
1446 856 1559 894 sunt:

218 915 260 948 P.
276 913 345 947 hac
361 914 442 955 lege
457 916 654 955 Apostolus
679 915 919 957 constitutus,
959 916 999 947 ut
1027 925 1151 948 omnes
1177 917 1341 950 nationes
1371 919 1561 952 doctrinae

127 960 253 995 christ.
272 962 510 1002 obsequentes
524 963 714 1002 redderet,
738 963 918 994 Romanos
937 971 1001 1001 per
1020 963 1149 994 literas
1168 971 1392 996 commonere
1405 962 1470 1005 jus
1490 965 1560 998 sibi

126 1015 212 1040 esse
241 1007 406 1050 putavit,
438 1009 471 1052 1,
505 1009 647 1043 1.-7..
708 1008 811 1046 Quod
838 1008 980 1040 frustra
1006 1017 1116 1049 saepe
1141 1010 1304 1052 optavit,
1340 1012 1380 1041 ut
1407 1013 1561 1044 Romam

127 1062 237 1094 quum
257 1050 423 1086 venisset
439 1055 644 1087 celebratae
663 1055 748 1086 fidei
767 1053 989 1087 Christianos
1015 1055 1219 1088 institueret
1246 1058 1282 1088 et
1304 1059 1560 1091 corroboraret

125 1100 343 1143 Apostolus,
365 1100 404 1132 id
418 1109 512 1132 nunc
531 1109 595 1141 per
614 1101 739 1133 literas
756 1101 931 1141 consequi
949 1102 1069 1133 studet
1088 1104 1121 1141 1,
1136 1102 1307 1135 8.-13..
1356 1104 1494 1143 Quippe
1512 1113 1560 1136 ne

125 1147 265 1179 Romae
286 1147 450 1190 quidem,
482 1145 590 1179 docta
608 1147 644 1179 in
661 1147 833 1190 civitate,
859 1150 1000 1186 promte
1018 1155 1061 1179 ac
1078 1148 1155 1180 sine
1181 1149 1313 1180 rubore
1331 1149 1559 1191 evangelium

126 1193 277 1225 tradere
293 1193 437 1234 abnuet,
463 1194 494 1224 h.
505 1202 536 1225 e.
551 1195 742 1234 potentem
752 1194 823 1225 Dei
838 1194 1068 1236 doctrinam,
1093 1202 1192 1234 quae
1208 1196 1481 1236 sempiternam
1497 1195 1559 1238 fe—

128 1239 319 1270 licitatem
344 1237 516 1270 omnibus
543 1239 734 1280 quotquod
762 1238 840 1281 fiel
850 1247 913 1270 em
945 1239 1154 1271 habuerint
1178 1240 1393 1273 hominibus
1426 1243 1560 1283 parat.

125 1283 305 1317 Patefacit
327 1283 421 1316 enim
450 1292 527 1315 rem
551 1284 635 1315 olim
663 1286 850 1326 opertam,
880 1285 1128 1325 integritatem
1146 1286 1222 1318 Deo
1246 1287 1454 1331 probatam,
1487 1286 1560 1328 qua

125 1330 323 1362 destitutus
348 1328 503 1362 aeterua
529 1329 704 1362 beatitate
728 1338 798 1362 nou
827 1330 1000 1373 potiar-ie,
1041 1329 1115 1372 lide
1140 1332 1183 1363 iu
1211 1331 1365 1366 Christo
1390 1332 1561 1374 reposita

126 1375 354 1417 comparari,
377 1375 410 1417 1,
430 1374 486 1409 14.
497 1392 539 1400 -
552 1377 619 1409 17..
667 1375 806 1408 Contra
821 1376 953 1408 iratum
972 1377 1093 1416 potius
1109 1384 1217 1416 quam
1234 1379 1428 1418 propitium
1444 1380 1562 1413 Deum

124 1422 279 1463 habent,
312 1422 486 1461 quotquot
512 1421 576 1454 illa
597 1422 668 1454 fide
686 1422 850 1454 destituti
873 1429 944 1454 non
968 1423 1041 1454 sint
1058 1423 1211 1464 integri,
1245 1425 1310 1456 sed
1329 1425 1428 1466 impii
1448 1428 1560 1466 atque

123 1467 296 1509 improbi,
319 1464 524 1508 cujusmodi
542 1473 617 1499 tum
634 1468 768 1507 pagani
789 1468 873 1499 sunt
899 1472 974 1499 tum
989 1469 1136 1501 Judaei.
1182 1469 1240 1501 Illi
1259 1471 1353 1502 enim
1371 1477 1561 1512 postquam.

124 1514 245 1547 Deum
262 1521 367 1553 quem
384 1519 582 1555 cognorant
597 1513 705 1553 impie
725 1514 965 1546 deseruerunt
983 1516 1019 1546 et
1034 1515 1216 1555 absurda,
1248 1516 1434 1556 sapientes
1452 1518 1560 1549 vide-

63 1574 65 1576 ·
123 1559 211 1593 licet
227 1561 410 1600 homines,
445 1560 490 1591 de
507 1559 653 1591 numine
680 1559 753 1591 div.
776 1560 964 1591 commenti
987 1562 1072 1591 sunt
1092 1562 1128 1592 et
1152 1560 1189 1592 in
1216 1571 1393 1595 summam
1418 1573 1561 1596 morum

126 1606 388 1647 turpitudinem
414 1605 551 1645 delapsi
577 1607 610 1649 1,
631 1606 824 1639 18.-32..
871 1605 918 1637 Hi
945 1608 1065 1638 autem
1092 1607 1123 1638 si
1148 1606 1308 1646 improbe
1332 1609 1463 1642 vivunt
1488 1618 1561 1642 non

124 1653 246 1686 minus
262 1650 415 1685 aeterna
433 1651 606 1684 felicitate
622 1651 807 1691 excident,
831 1660 937 1692 quam
956 1651 1020 1684 illi.
1064 1653 1158 1684 Nam
1173 1654 1290 1685 Deum
1309 1655 1393 1695 quia
1412 1659 1561 1688 sanctus

125 1694 185 1732 est
194 1702 230 1731 et
239 1707 363 1731 omnes
380 1698 585 1738 promiscue
600 1698 781 1738 improbos
798 1698 926 1738 punire
947 1698 1198 1740 etquicunque
1214 1699 1273 1740 pie
1290 1703 1327 1733 et
1343 1703 1490 1734 honeste
1500 1703 1561 1734 vi-

123 1746 245 1778 xerint
266 1745 437 1785 praemiis
452 1752 584 1776 ornare
604 1746 758 1784 oportet.
805 1745 909 1777 Unde
932 1753 1004 1777 non
1021 1745 1081 1786 qui
1099 1745 1215 1787 leqem
1232 1755 1322 1780 mos.
1338 1749 1561 1790 didicerint,

125 1793 193 1824 sed
219 1792 420 1832 quicunque
453 1788 534 1831 ejus
557 1791 648 1832 legis
685 1793 884 1831 praecepta
904 1792 1091 1824 servarint
1116 1791 1249 1833 integri
1273 1800 1318 1826 ac
1341 1792 1562 1834 sempiterna

125 1839 302 1871 beatitate
320 1837 417 1879 digni
432 1844 456 1868 a
471 1838 549 1868 Deo
562 1834 844 1881 judicabuntur,
868 1838 905 1869 et
922 1838 1194 1870 circumsectus
1216 1839 1260 1871 ab
1278 1848 1320 1872 eo
1339 1841 1560 1885 censebitur,

127 1880 234 1925 cujus
261 1883 400 1916 animus
433 1883 602 1915 sordibus
635 1885 814 1924 purgatus
845 1883 912 1926 sit,
929 1896 937 1908 ι
953 1892 1025 1916 non
1057 1885 1287 1928 praeputium
1311 1889 1351 1927 2,
1376 1888 1410 1918 1.
1427 1903 1472 1910 —
1490 1891 1560 1922 29..

127 1931 232 1969 Quae
249 1931 320 1971 ita,
353 1931 394 1961 P.
407 1929 543 1972 inquit,
569 1930 782 1971 pronuntio,
814 1931 855 1961 ut
873 1938 964 1962 vera
981 1930 1204 1962 Judaeorum
1217 1928 1306 1973 jura
1326 1933 1469 1965 minime
1488 1931 1561 1965 mi-

126 1985 236 2010 nuam
254 1979 290 2020 3,
310 1977 342 2009 1.
360 1984 450 2017 sqq..
496 1977 592 2008 Esse
610 1978 730 2008 autem
750 1984 871 2008 omnes
889 1984 960 2008 non
976 1977 1091 2008 solum
1108 1978 1280 2020 gentileS,
1305 1987 1434 2011 verum
1451 1980 1561 2011 etiam

127 2024 290 2056 §ludaeos
314 2022 558 2063 gravissimae
586 2023 714 2061 culpae
741 2022 915 2054 obnoxios
939 2023 1071 2055 literae
1096 2032 1145 2054 ss.
1177 2024 1306 2057 docent
1331 2027 1366 2068 3,
1384 2028 1476 2058 9.—
1491 2028 1559 2059 19..

127 2070 249 2103 Nolite
266 2069 394 2100 mirari
405 2079 416 2110 3
447 2076 532 2100 nam
550 2068 630 2099 fieri
645 2069 752 2109 plane
770 2076 840 2100 non
854 2070 995 2111 potest,
1026 2071 1066 2101 ut
1083 2078 1190 2110 quum
1207 2071 1278 2111 legi
1295 2079 1386 2103 mos.
1405 2079 1560 2110 prorsus

127 2114 354 2147 satisfeceris
370 2116 406 2146 et
420 2115 494 2146 Deo
512 2115 675 2154 proberis
692 2117 730 2147 et
748 2111 966 2154 sempiterna
980 2115 1153 2148 beatitate
1169 2116 1319 2155 potiaris
1336 2120 1370 2161 3,
1388 2119 1443 2151 20.
1478 2117 1560 2158 [His

129 2162 237 2193 lectis
254 2170 372 2193 unum
395 2160 543 2193 Christi
560 2162 798 2202 evanyclium
813 2162 912 2192 viam
940 2162 987 2193 ad
1012 2161 1080 2193 Dei
1106 2162 1355 2203 integritatem
1382 2165 1417 2195 et
1435 2167 1560 2195 aeter·-

129 2215 215 2240 nam
231 2207 441 2239 felicitatem
459 2208 751 2247 consequendam
771 2208 972 2239 hominibus
995 2208 1134 2240 munire
1150 2210 1304 2241 Romani
1330 2212 1466 2241 sentire
1494 2212 1560 2242 (le-

123 2248 281 2295 nebant,
313 2262 422 2293 quum
441 2253 476 2284 et
495 2253 554 2293 qui
575 2253 657 2285 olim
677 2254 810 2293 pagani
828 2254 983 2285 fuissent
1001 2255 1044 2287 de
1069 2254 1294 2287 idololatriae
1311 2257 1476 2288 vanitate
1493 2257 1561 2288 ad·-

130 2299 256 2332 moniti
274 2305 416 2344 essent,
441 2301 477 2330 et
495 2299 554 2339 qui
572 2301 684 2330 Mosis
703 2300 835 2331 alumni
853 2301 1045 2340 aliquando
1063 2300 1218 2334 fuissent
1237 2310 1343 2341 quam
1361 2304 1460 2334 esset
1478 2305 1561 2335 Mo-

131 2346 187 2376 sis
206 2345 264 2376 lex
281 2345 383 2385 inops
410 2347 517 2385 atque
543 2346 685 2377 infirma
705 2347 958 2385 audivissent]
1007 2348 1116 2387 Atqui
1137 2348 1228 2380 ratio
1248 2350 1366 2389 patet,
1394 2344 1462 2387 qud
1480 2350 1559 2381 sine

131 2390 221 2432 legis
236 2398 327 2422 mos.
348 2391 553 2423 interventu
573 2393 649 2424 Deo
667 2393 831 2431 proberis
842 2416 851 2432 ,
885 2402 961 2425 non
977 2394 1050 2425 illa
1068 2394 1114 2424 ab
1135 2394 1346 2425 hominibus
1364 2396 1560 2435 earcofita-

132 2439 198 2479 ta,
223 2437 288 2469 sed
305 2445 330 2470 ιι
348 2437 453 2469 Mose
469 2439 507 2470 et
519 2438 711 2479 prophetis
729 2439 964 2471 testimoniis
986 2441 1129 2471 ornata
1146 2442 1180 2477 3,
1199 2440 1268 2471 21..
1315 2440 1450 2480 Nempe
1469 2450 1559 2481 gra-

133 2483 224 2515 tuito
241 2481 309 2514 Dei
325 2482 496 2514 beneficio
517 2484 594 2515 sine
611 2484 682 2515 ullo
700 2492 765 2515 suo
784 2483 912 2515 merito
933 2487 968 2515 et
988 2484 1120 2516 Judaei
1141 2487 1178 2516 et
1202 2485 1355 2525 gentiles
1375 2488 1560 2527 (quando-

75 2526 79 2530 ”
132 2529 277 2570 quidem
296 2537 405 2560 unum
421 2528 534 2560 Deum
556 2531 710 2561 omnium
731 2530 907 2560 hominum
936 2531 1044 2562 saluti
1074 2530 1284 2569 prospicere
1300 2540 1368 2571 par
1392 2535 1466 2570 est)
1493 2543 1560 2574 per

131 2576 241 2608 fidem
260 2574 296 2606 in
317 2574 459 2607 Christo
483 2575 712 2615 collocatam,
743 2584 848 2615 quem
865 2577 962 2608 Deus
989 2577 1254 2615 sapientissimo
1280 2579 1429 2612 consilio
1449 2578 1560 2612 victi-

132 2630 229 2654 mam
248 2621 468 2661 piacularem
486 2620 590 2652 caedi
607 2621 738 2661 voluit,
762 2622 922 2653 insontes
942 2631 964 2654 a
980 2623 1057 2654 Deo
1076 2623 1307 2656 declarantur
1323 2628 1356 2666 3,
1371 2628 1559 2659 22.—-3o..

134 2668 188 2700 Ne
204 2667 316 2699 Mos-is
335 2673 453 2698 autem
474 2668 510 2697 ct
524 2668 777 2706 prophetarum
793 2668 999 2699 testimonia
1016 2672 1048 2708 3,
1060 2670 1113 2700 21.
1132 2669 1287 2701 lectores
1306 2671 1560 2705 desiderarent

134 2716 173 2746 et
190 2714 330 2745 illustre
349 2714 387 2744 P.
406 2712 597 2744 Abi-alumi
615 2713 657 2744 oh
675 2711 782 2753 fidem
802 2714 873 2744 [ico
893 2714 1029 2752 probati
1049 2716 1243 2755 exemplum
1261 2719 1297 2748 et
1317 2719 1466 2750 nobilem
1484 2720 1560 2751 Da-

134 2759 250 2797 vidis,
276 2767 366 2799 quae
386 2767 460 2790 rem
481 2759 746 2797 compi-obard5
773 2767 897 2789 via-om
916 2759 1035 2791 attulit
1054 2764 1086 2797 3,
1104 2764 1144 2793 31
1159 2761 1245 2797 -lh
1268 2763 1333 2795 25..
1381 2766 1437 2795 lta
1454 2774 1560 2804 quum

135 2806 176 2838 P.
194 2806 432 2846 integritatem
450 2805 518 2836 tide
540 2805 574 2836 in
595 2803 737 2836 Christo
765 2802 937 2836 collocat-3.
966 2807 1088 2845 parari
1108 2808 1218 2839 tinnis
1244 2812 1464 2850 argumenti-a
1495 2813 1560 2845 ιω..

134 2851 271 2887 coisset
302 2852 346 2885 ad
373 2853 631 2887 cohortationes
657 2859 856 2887 conversus
884 2853 933 2884 sic
961 2853 1175 2895 disputavit:
1218 2865 1322 2896 quum
1355 2857 1462 2897 igitur
1496 2868 1559 2891 :ios
