1752 3347
226 133 313 176 272
509 129 885 176 EPISTOLA
920 131 1022 174 AD
1051 131 1413 178 ROMANOS

227 238 320 280 cuit
346 235 603 289 Rueckerto,
653 236 728 293 qni
764 233 880 293 ὓπέρ
914 235 1093 280 δικαίου
1117 250 1198 294 pro
1224 236 1392 280 homine
1414 239 1565 293 probo,
1611 237 1690 281 sed

227 291 342 348 ὑπὲρ
356 292 442 334 ‘mii
464 290 661 348 ἀγαθοῦ,
693 294 795 348 qnia
814 293 915 334 huic
933 293 1029 336 voci
1051 293 1288 336 Articulus
1306 293 1506 353 adjectus
1535 296 1596 338 sit
1645 301 1704 338 at·

228 364 269 393 V.
289 353 447 407 supra)
472 362 551 404 pro
579 351 794 392 commodo
824 355 899 391 aut
927 351 1207 393 emolumento
1236 351 1387 406 (Rom.
1409 350 1484 402 13,
1515 349 1563 393 4.
1672 378 1694 385 -

227 407 360 464 noph.
381 405 487 462 Cyr.
504 406 556 458 5,
574 405 624 457 3,
648 406 740 462 ll.)
771 406 992 463 exposuit.
1050 405 1220 449 Verum
1246 408 1361 450 enim
1390 421 1495 448 vero
1520 413 1693 451 senten-

226 463 307 515 tia,
337 464 421 518 qua
441 462 556 503 mala
575 459 796 504 hominum
817 462 1037 505 commoda
1059 477 1138 505 sua
1160 463 1461 520 quaerentium
1478 462 1696 520 cupiditas

228 520 669 575 obiter'carperetur
700 522 821 574 (nam
858 525 907 562 ut
936 521 1271 563 emolumentum
1304 520 1466 562 habeat
1503 520 1696 563 fortasse

228 575 393 633 aliquis
413 575 524 617 mori
539 573 725 632 denique
747 576 983 631 sustinet),
1012 591 1097 619 non
1123 579 1264 620 solum
1297 577 1408 619 nihil
1436 575 1493 618 ad
1520 574 1575 620 P.
1604 575 1697 618 dis-

227 634 499 691 putationem
526 632 766 686 conferret,
804 647 954 675 verum
983 634 1115 676 etiam
1148 649 1242 676 eam
1274 633 1479 677 dilueret.
1549 631 1696 675 Perti-

229 694 357 732 neret
385 691 464 731 illa
493 689 709 731 sententia
735 688 790 731 ad
816 690 929 732 hunc
953 691 1011 744 l.,
1050 691 1088 732 si
1106 688 1158 734 P.
1183 691 1354 734 Christi
1385 697 1567 733 mortem
1596 689 1696 732 D‘eo

228 761 316 789 non
347 747 490 789 solum
527 761 610 788 non
639 747 862 803 profuisse
891 747 969 789 sed
1001 748 1131 790 etiam
1158 748 1354 790 obfuisse
1381 761 1423 791 v,
1441 748 1484 791 8.
1515 747 1698 804 insuper

230 803 502 856 addidisset,
527 801 642 859 quod
662 804 807 860 ipsum
827 818 1007 856 vereor,
1037 819 1090 847 ne
1117 803 1308 862 'ejunum
1337 805 1514 847 suisset.
1571 803 1632 847 V.
1652 804 1699 847 8.

231 860 383 904 Efficit
410 874 522 902 nunc
551 857 602 904 P.
631 874 655 901 e
686 861 904 903 sententia
935 875 975 905 V.
995 863 1062 914 7.,
1131 855 1354 902 οὐιιηιοιιΐο
1381 875 1480 901 esse
1511 866 1699 915 quanto-

231 933 337 976 pere
359 931 438 960 nos
458 916 582 959 Deus
603 915 760 970 diligat
780 917 1004 961 Christum
1024 933 1103 973 pro
1122 917 1263 970 impiis
1280 916 1375 958 neci
1393 915 1558 959 datum.
1590 914 1701 958 Per-

266 990 383 1019 eram
431 974 570 1029 igitur
605 973 787 1017 Lachm-
824 988 891 1017 vs.
918 976 961 1017 7.
1000 974 1046 1015 in
1082 973 1367 1030 parenthesin
1406 971 1703 1017 obscondidit.

231 990 527 1090 graecipuum
554 1028 726 1089 pondus
754 1030 886 1072 habet
915 1028 1142 1084 συνίστησι
1169 1030 1199 1073 i.
1220 1045 1258 1073 e.
1285 1031 1572 1079 demonstrat,
1599 1043 1699 1083 pro-

232 1092 308 1134 hat
337 1091 398 1145 (V.
416 1102 548 1145 supra
570 1086 625 1129 ad
644 1088 688 1140 3,
708 1086 753 1130 5.
782 1101 826 1143 p.
851 1087 991 1141 159.)‚
1023 1101 1108 1128 non
1137 1087 1403 1129 commendat
1432 1086 1510 1142 (cf.
1534 1087 1697 1141 Pelay„

233 1147 449 1197 Luther..
478 1144 699 1199 Βοηςελ),
740 1142 857 1199 quod
886 1158 926 1187 v.
961 1142 1016 1184 oh
1045 1144 1154 1185 hanc
1181 1145 1322 1201 ipsam
1354 1157 1446 1185 rem
1471 1141 1709 1200 periodum⁴

231 1204 371 1247 ducit.
428 1202 620 1245 Sensus:
647 1201 996 1243 demonstrat
1023 1205 1165 1242 autem
1192 1199 1329 1255 (unde
1355 1215 1446 1242 rem
1466 1214 1699 1255 argumen-

234 1267 281 1305 to
320 1262 536 1302 firmatam
569 1257 680 1299 male
718 1255 975 1309 addubites,
1023 1255 1103 1299 sed
1141 1258 1433 1315 sempiternae
1469 1257 1700 1299 beatitatis

232 1332 356 1376 spem
382 1316 483 1375 jure
520 1313 766 1370 concipias:
805 1313 982 1355 attende
1014 1313 1071 1355 ad
1098 1329 1138 1357 v.
1159 1315 1225 1367 9.)
1262 1329 1387 1356 suum
1414 1314 1542 1356 nobis
1573 1313 1702 1356 Deus

232 1388 424 1418 amorem
447 1386 523 1424 eo,
554 1370 669 1427 quod
689 1384 820 1427 quum
841 1369 981 1412 adhuc
1013 1370 1070 1412 im
1107 1371 1138 1412 ii
1166 1386 1364 1414 essemus
1383 1370 1590 1415 Christus
1619 1384 1701 1427 pro

233 1431 364 1475 nohis
405 1434 605 1472 mortuus
642 1433 726 1471 est.
803 1426 917 1470 Mire
955 1386 1207 1481 Rueciiert„
1254 1429 1368 1470 male
1396 1428 1449 1471 de
1474 1428 1569 1472 h.l.
1601 1427 1702 1469 dis-

266 1495 423 1540 umus,
461 1485 501 1528 si
527 1499 619 1528 rem
649 1489 850 1526 accurate
889 1499 941 1526 ex
979 1483 1177 1536 enderis,
1223 1499 1263 1529 v.
1288 1486 1332 1528 8.
1359 1486 1502 1527 Deum
1537 1483 1701 1541 opponi

261 1544 466 1588 ominibus
487 1557 529 1585 v.
549 1543 594 1585 7.
623 1541 888 1584 observavit.
945 1498 1062 1582 'Ktam
1092 1541 1131 1581 si
1160 1541 1264 1583 haec
1294 1540 1348 1584 P.
1379 1555 1501 1584 mens
1526 1541 1703 1594 fuisset,

235 1607 282 1646 et
302 1602 414 1643 hunc
442 1598 590 1641 verbis
618 1597 812 1639 ordinem
840 1596 1186 1652 assignavisset:
1217 1593 1241 1637 ὁ
1272 1598 1328 1639 δὲ
1358 1596 1494 1647 θεὸς
1521 1613 1559 1639 τ.
1589 1594 1624 1640 ἑ.
1657 1592 1700 1639 ἆ.

234 1675 269 1702 ε.
290 1653 330 1713 ἡ.
360 1653 609 1711 συνίστησιν
643 1651 713 1695 ὅτι
739 1678 792 1686 -
823 1657 867 1695 et
896 1659 945 1695 ut
977 1654 1198 1711 oppositio
1228 1654 1338 1695 satis
1368 1659 1563 1696 exstaret
1591 1668 1633 1698 V.
1655 1655 1702 1699 7.

234 1711 481 1768 ἄνθρωπος
514 1710 771 1766 scripsisset
806 1725 886 1767 pro
924 1707 1004 1759 τίς.
1070 1711 1215 1765 Magis
1251 1711 1381 1753 etium
1421 1711 1577 1753 mirum
1616 1715 1701 1762 est,

235 1771 354 1829 quod
373 1769 530 1812 Rueck.
548 1766 732 1819 addidit,
762 1764 813 1810 P.
837 1781 921 1822 quo
942 1765 1136 1810 videmus
1161 1769 1256 1809 loco
1280 1783 1319 1811 v.
1338 1769 1580 1809 collocasse
1597 1782 1704 1824 pro-

234 1834 412 1896 pterea,
442 1823 557 1882 quod
580 1825 623 1865 in
644 1823 739 1882 ejus
761 1824 906 1865 animo
927 1825 1012 1866 dir.
1041 1825 1200 1866 amoris
1226 1825 1436 1879 cogitatio
1467 1830 1514 1866 ut
1539 1824 1702 1866 eximia

234 1883 490 1929 msedisset.
546 1880 642 1922 Hoc
673 1881 787 1921 enim
818 1886 944 1935 pacto
962 1879 1054 1935 Ap.
1084 1879 1180 1935 ‘ctjv
1210 1881 1266 1923 δὲ
1297 1878 1513 1937 ἀγάπην
1541 1876 1702 1923 ἑαυτοῦ

236 1939 490 1995 συνίστησιν
520 1935 585 1987 εἰς
616 1932 728 1993 ἡμᾶς
757 1932 780 1977 ὁ
809 1934 940 1984 θεὸς,
982 1933 1052 1976 ὅτι
1080 1961 1161 1978 -.
1193 1942 1436 1980 exarasset.
1510 1935 1646 1981 Voce.
1675 1932 1710 1980 ὅ-

234 1994 371 2048 θεός,
403 1995 606 2052 quoniam
627 2009 650 2035 a
669 1992 722 2035 Β.
742 1991 903 2034 absunt
920 1994 964 2034 et
983 1991 1027 2033 in
1042 1991 1162 2036 D.F.
1175 1992 1231 2037 G.
1250 1995 1321 2036 76.
1345 1993 1427 2037 Mt.
1443 2008 1486 2050 q.
1506 1992 1593 2037 8.V
1610 1994 1705 2048 ulg-

235 2056 298 2099 al.
320 2058 420 2095 ante
440 2050 501 2102 εἰς
519 2054 763 2109 ponuntur,
794 2053 994 2105 suspecta
1015 2049 1107 2090 visa
1133 2055 1235 2092 sunt
1255 2050 1446 2094 Reiclaeio.
1482 2050 1550 2092 At
1570 2064 1705 2107 quum

235 2112 333 2156 1ι.1.
352 2124 492 2167 neque
513 2105 744 2164 cogitando
765 2104 897 2164 adjici
921 2105 1063 2163 possit
1085 2102 1107 2146 ὁ
1127 2103 1237 2156 θεός
1254 2122 1294 2151 v,
1315 2109 1357 2151 6.
1377 2112 1419 2149 et
1441 2107 1485 2150 7,
1505 2121 1588 2149 non
1614 2122 1705 2151 me-

235 2167 457 2220 moratus,
494 2180 634 2222 neque
662 2180 684 2207 e
714 2162 914 2220 sequenti
943 2163 1135 2206 membro
1162 2162 1388 2219 Χριστός,
1426 2169 1476 2205 ut
1502 2164 1561 2206 sit
1588 2163 1706 2207 Sub-

232 2226 420 2293 jectum,
454 2221 652 2280 suppleri
682 2221 783 2276 (hoc
811 2220 923 2261 enim
947 2218 999 2263 Ρ.
1031 2221 1147 2274 agit,
1182 2226 1231 2262 ut
1257 2236 1387 2277 quum
1412 2221 1555 2263 Deum
1586 2221 1705 2264 nobis

235 2282 387 2337 mzpiis
409 2281 583 2335 insigne
602 2278 748 2334 magni
779 2277 940 2319 amoris
969 2276 1271 2319 documentum
1301 2277 1476 2320 dedisse
1507 2276 1710 2321 docuerit

240 2354 282 2383 v.
302 2342 345 2383 7.
363 2338 429 2391 8.,
458 2352 553 2379 cnm
573 2350 652 2394 pro
675 2349 753 2377 suo
777 2349 880 2389 erga
899 2348 978 2376 nos
1004 2348 1151 2376 amore
1179 2335 1487 2391 sempiternam
1517 2335 1708 2378 beatita-

240 2401 328 2438 tem
360 2396 477 2438 nobis
511 2393 702 2447 arpinus
737 2405 1044 2433 concessurum
1085 2406 1183 2433 esse
1222 2391 1476 2444 concludat3
1512 2407 1554 2435 v.
1575 2394 1618 2435 9.
1645 2389 1706 2436 el-

242 2466 283 2495 v.
303 2453 369 2502 5.)
400 2447 423 2494 ὃ
446 2450 571 2493 &eo-Y
593 2449 778 2507 primum
799 2448 919 2490 sacili
936 2462 1086 2490 errore
1137 2452 1205 2490 ost
1229 2446 1311 2491 εἱΣ
1327 2445 1706 2504 ἡμᾶΣοΧοίᾱίειο,

241 2508 398 2550 deinde
428 2508 484 2550 ab
513 2507 615 2549 aliis
641 2522 664 2549 e
695 2506 796 2560 suga}
821 2510 1058 2548 retractum
1078 2463 1271 2547 alienum
1293 2506 1438 2548 locum
1466 2517 1702 2564 occupasse

241 2565 463 2609 existimo.
522 2563 827 2608 Certissimum
862 2577 960 2605 esse
989 2563 1172 2614 summi,
1221 2577 1307 2619 quo
1338 2562 1464 2605 Deus
1494 2562 1538 2604 in
1564 2575 1705 2618 genus

241 2621 474 2664 humanum
518 2619 813 2679 propendent,
870 2619 1034 2661 amoris
1074 2619 1256 2677 pignus,
1309 2619 1425 2676 qnod
1466 2617 1705 2669 Christum,

243 2678 381 2721 filium
403 2694 552 2728 snum,
579 2694 659 2736 pro
679 2676 929 2719 hominibus
948 2676 1135 2718 hostiam
1165 2676 1287 2719 caedi
1319 2677 1507 2719 voluerit
1534 2681 1707 2718 constat

245 2734 347 2780 Joh.
365 2734 415 2785 3,
438 2737 505 2778 lo.
536 2736 664 2779 Rom.
682 2736 732 2787 8,
750 2733 839 2777 32..
894 2732 981 2776 Sed
1010 2734 1052 2777 h.
1073 2734 1106 2776 l.
1137 2732 1225 2777 div.
1254 2734 1415 2776 umoris
1444 2733 1527 2774 vim
1544 2746 1591 2773 ac
1614 2746 1707 2772 ma-

245 2790 517 2848 gnitudinem
543 2806 598 2834 ex
619 2791 824 2835 instituta}
854 2790 1180 2850 comparatione
1199 2791 1293 2850 Ap.
1323 2788 1526 2846 cognosci
1551 2788 1708 2887 voluiti

1587 2860 1671 2901 qno
