1752 3347
561 204 715 249 (JAP.
749 205 786 247 Ι.
833 204 918 246 vs.
949 203 1046 244 32..
1478 195 1536 241 89

68 330 164 361 sum
201 318 296 367 est,
342 317 393 356 ut
426 312 649 368 Theophyl.
689 310 865 367 sequuti
902 306 1165 352 Pronomine
1202 300 1362 353 οἵτινες
1395 304 1535 346 totius

68 389 133 419 vs,
153 372 225 417 28.
244 371 455 415 rationem.
475 369 600 411 reddi
623 369 698 425 [cf.
719 375 810 412 not.
829 367 884 410 ad
903 382 944 411 v.
967 366 1038 409 25.
1058 370 1103 408 et
1120 363 1250 407 Rom.
1270 360 1395 415 2‚15.
1415 362 1458 415 9,
1469 361 1535 414 4.]

68 430 385 474 existimemus.
443 426 541 470 Hoc
563 430 689 484 pacto
722 426 868 470 verbis
897 439 962 468 vs,
981 425 1053 467 29.
1085 416 1461 475 πεπληρωμένους
1480 442 1537 449 --

68 514 124 520 -—
152 513 205 518 —
235 511 287 516 —
320 500 384 527 vs,
412 484 483 528 31.
525 480 817 539 ἀνελεήμονας
854 480 1164 525 tradidisse
1190 476 1335 518 Deum
1356 474 1538 531 yentiles

67 557 292 600 perversae
309 542 442 583 menti
455 573 466 591 ‚
493 544 578 596 qut?
597 542 714 582 mala
732 539 930 596 facinora
949 538 1195 594 perpetrent
1217 535 1278 589 (v.
1298 532 1370 576 28.
1392 528 1537 584 παρέ-

69 604 207 643 δωκεν
232 622 287 629 —-
318 623 370 628 —-
401 596 456 637 τὰ
483 595 542 650 μὴ
576 595 850 650 καθήκοντα)
878 595 1082 647 docetur,
1128 605 1258 649 versu
1283 594 1429 633 autem
1465 586 1540 631 28.

69 673 133 714 qu
146 657 196 698 ἱιι
216 655 357 696 Deum
378 653 423 694 in
445 655 652 694 ccccm-am
675 654 911 706 coynite’one
928 657 1071 694 {erwre
1085 647 1314 705 yentile‘bus
1330 661 1416 689 non
1443 645 1540 700 pla-

69 711 205 756 cuerit
245 709 454 751 idcirco
489 722 574 748 eos
605 708 780 749 Deum
810 708 1030 762 improbae
1066 707 1197 748 menti
1234 703 1542 748 tradidisse

68 772 131 826 (v.
148 766 220 810 28.
242 766 316 806 καὶ
335 763 486 812 καθὼς
508 788 563 794 -
581 788 637 793 ——
656 763 711 804 τὰ
729 762 791 818 μ’)
809 761 1085 819 καθήκοντα)
1106 763 1149 805 h.
1175 777 1213 804 e.
1228 760 1335 817 jure
1364 759 1541 802 merito-

67 839 147 883 que
186 821 378 877 gentiles
403 821 502 863 Deo
532 834 697 877 poenas
724 819 929 873 dedisse,
973 818 1240 862 ostenditur.
1304 819 1366 861 Et
1395 817 1542 859 sicut

67 895 151 924 non
170 893 232 934 op
245 893 300 921 er
312 893 339 920 a
351 893 374 920 e
392 878 578 934 pretia
590 892 632 918 m
651 877 680 919 d
692 882 933 920 texerunt
953 877 1096 918 Deum
1116 877 1162 917 in
1177 878 1385 918 ccccm-ata
1399 871 1543 928 coqui-

69 939 182 981 tione
201 934 380 988 habere,
412 934 657 977 tradidit
691 948 781 976 eos
798 935 921 976 Deus
940 933 1074 975 menti
1092 946 1199 989 qnae
1226 932 1383 974 mallius
1411 927 1545 984 pretii

69 995 153 1048 sit,
199 997 249 1034 ut
287 992 488 1034 indecora
524 989 696 1048 faciant
734 995 819 1034 tot
849 990 1140 1046 tantisque
1165 987 1328 1030 vitiis
1358 984 1546 1030 obruti

70 1052 133 1108 (v.
161 1049 234 1092 29.
265 1047 646 1104 πεπληρωμένους
675 1072 731 1078 —
753 1073 808 1081 —
835 1063 878 1091 v.
909 1048 982 1091 31.
1015 1040 1356 1101 ἀνελεήμονας),
1394 1042 1546 1086 tales

69 1106 239 1150 nimir
252 1120 279 1147 u
289 1119 331 1146 m
351 1105 618 1158 homines,
647 1105 738 1161 qui
757 1103 1010 1161 (τοιούτους
1027 1101 1150 1151 τινὰς
1170 1098 1321 1151 ὄντας,
1354 1099 1417 1150 οῗ,
1447 1099 1479 1143 i.
1499 1112 1545 1154 q.

72 1160 145 1207 ὅτι
166 1188 219 1194 -
239 1177 266 1217 q
279 1162 497 1204 uoniam
515 1187 571 1192 ——
590 1176 675 1203 non
694 1162 831 1204 solnm
848 1161 1069 1217 indulyent
1097 1160 1204 1214 etc.)
1227 1162 1277 1201 ut
1296 1159 1384 1201 Dei
1413 1157 1547 1212 leyem

73 1221 178 1263 bene
211 1218 382 1271 norint,
421 1232 513 1260 esse
550 1218 707 1259 talium
732 1219 930 1260 vitiorum
953 1232 1048 1260 reos
1081 1216 1355 1272 supplicio
1384 1214 1548 1269 diynos,

73 1290 158 1319 non
178 1274 316 1317 solum
336 1274 389 1317 iis
414 1274 686 1330 indodyecmt,
720 1289 867 1317 verum
894 1275 1027 1317 etiam
1053 1288 1123 1316 eos
1148 1273 1352 1328 probent,
1391 1270 1462 1328 qui
1492 1267 1549 1310 iis

72 1331 337 1387 indulgeant.
389 1330 517 1372 Hanc
539 1331 949 1388 interpretationem
966 1330 1035 1373 illi
1054 1344 1160 1388 prae
1195 1344 1278 1371 ono
1297 1332 1550 1386 propterea,

75 1388 283 1446 quoniam
303 1387 348 1430 h.
367 1387 402 1431 l.
420 1385 473 1430 P.
494 1401 579 1429 non
598 1387 810 1446 ‘injuriam
834 1403 861 1431 a
880 1389 973 1431 Deo
997 1387 1148 1443 yentile'
1180 1401 1228 1428 us
1254 1385 1447 1443 factam,
1476 1381 1552 1424 sed

74 1462 91 1488 c
104 1459 203 1488 emm
224 1445 270 1486 in
288 1447 407 1485 nomi
427 1443 594 1500 fuerint
612 1459 793 1498 poenam
812 1460 883 1486 eos
905 1458 957 1487 co
970 1460 1012 1486 m
1023 1443 1294 1486 meruisse
1311 1438 1550 1483 identidem

74 1462 317 1545 llectorihus
338 1500 530 1541 inculcat
553 1501 631 1555 (cf.
650 1517 692 1544 v.
710 1501 785 1544 24.
805 1500 877 1544 25.
905 1502 976 1545 26.
1006 1504 1050 1542 et
1076 1499 1188 1554 27.).
1245 1498 1451 1542 Ceterum
1478 1494 1551 1537 hic

74 1574 142 1603 vs,
162 1556 345 1599 acerbas
365 1557 734 1613 interpolatorum
753 1556 941 1615 injurias
960 1561 1170 1614 expertus
1191 1560 1275 1600 est.
1332 1554 1447 1597 Nam
1463 1550 1552 1595 Isi-

75 1614 211 1658 dorus
230 1611 462 1655 Pelusiota
480 1613 612 1669 epist.
632 1614 676 1668 4,
690 1615 761 1657 60.
780 1606 921 1656 fuisse
941 1614 1104 1666 refert,
1142 1611 1218 1668 qui
1238 1627 1319 1670 pro
1343 1609 1396 1654 οὐ
1418 1608 1554 1665 μόνον

76 1669 188 1714 αὐτὰ
210 1670 441 1719 ποιοῦσιν,
473 1666 586 1711 ἀλλὰ
612 1672 686 1712 καὶ
711 1670 1027 1713 συνευδοκοῢσι
1052 1670 1147 1719 τοῖς
1172 1667 1429 1722 πράσσουσι
1454 1680 1553 1708 eon-

71 1727 278 1786 jectum,
317 1732 367 1768 ut
391 1724 568 1769 videtur
593 1726 792 1783 (attende
819 1726 877 1768 ad
903 1726 1070 1769 Isidori
1097 1740 1139 1770 v,
1171 1725 1286 1769 οὕτω
1313 1725 1396 1782 γὰρ
1427 1717 1552 1776 εἶχεν,

78 1783 318 1842 ἔφασαν,
348 1782 399 1825 τὸ
420 1783 618 1826 παλαιὸν
640 1779 910 1841 ἀντίγραφον
934 1785 1051 1840 -.)‚
1085 1784 1355 1827 scriberent:
1387 1777 1438 1823 οὐ
1463 1774 1554 1832 μό-

78 1857 152 1884 νον
169 1836 213 1882 oi
230 1840 465 1889 ποιοῦντες
486 1837 613 1892 αὐτοὶ,
637 1837 750 1882 ἀλλὰ
767 1842 843 1882 καὶ
863 1837 905 1883 οἱ
928 1841 1286 1889 συνευδοκοῦντες
1297 1841 1390 1889 τοῖς
1400 1833 1555 1894 πράσ-

79 1910 245 1941 σουσιν.
276 1897 399 1938 nullo
431 1900 662 1954 praeterea
689 1912 731 1941 v.
759 1901 942 1942 mutato.
1001 1896 1128 1940 Idem
1151 1899 1246 1940 fere
1275 1896 1472 1938 continet
1498 1890 1554 1936 Β.

78 1948 392 2012 (ε-οὗμόνον
414 1949 554 1995 αὐτὰ
574 1954 893 2004 ποιοῦντες,
925 1953 1038 1996 ἀλλὰ
1056 1955 1132 1996 καὶ
1151 1950 1555 1997 συνευδοκοῦν-

79 2026 170 2061 τες
187 2012 282 2059 τοῖς
300 2008 615 2068 πράσσουσι),
650 2011 728 2068 qui
758 2015 924 2054 temere
953 2010 1118 2053 omittit
1135 2011 1410 2054 Articulum.
1468 2005 1556 2049 Cu-

75 2068 152 2127 jus
174 2066 532 2123 interpolationis
551 2082 728 2112 causam
743 2067 948 2111 Isidorus
968 2068 1014 2110 in
1035 2083 1085 2110 eo
1105 2068 1293 2125 quaerit,
1323 2063 1442 2123 quod
1459 2063 1557 2104 fue-

80 2125 174 2167 rint
195 2123 272 2179 qui
291 2124 393 2180 plus
413 2138 512 2165 esse
532 2125 807 2167 συνευὸοκεῖν
825 2128 919 2175 τοῖς
948 2121 1205 2180 πράσσουσι
1232 2124 1288 2166 τὰ
1315 2121 1377 2178 μὴ
1404 2116 1558 2176 καθήυ

83 2195 213 2222 κοντα
243 2194 373 2235 quam
400 2183 547 2222 ποιεῖν
573 2177 682 2223 αὐτά
713 2183 935 2224 nescirent
968 2197 1023 2224 ex
1049 2196 1188 2238 eoque
1215 2182 1337 2224 fonte
1365 2178 1496 2237 hujus
1522 2178 1558 2223 l.

84 2237 360 2293 corruptelas
394 2236 580 2279 fluxisse
619 2238 750 2280 etiam
782 2238 1055 2282 Matthaeius
1093 2238 1162 2281 ed.
1202 2237 1306 2297 maj.
1333 2236 1558 2294 opinatur.

84 2294 154 2336 At
173 2293 349 2347 gravius
367 2308 549 2350 peccare
566 2295 642 2351 qui
662 2295 913 2337 hominibus
931 2295 1193 2337 facinorosis
1213 2293 1397 2353 plaudat
1429 2305 1560 2349 quam

86 2350 164 2406 qui
179 2349 350 2392 facinus
370 2352 468 2407 ipse
486 2351 617 2393 obeat
634 2352 765 2408 longe
792 2352 1121 2410 apertissimum
1149 2357 1218 2393 est
1247 2364 1484 2406 omnesque
1511 2349 1560 2392 id

86 2404 402 2448 intellexerunt
422 2412 602 2463 praeter
623 2408 918 2464 Theologium
937 2409 1184 2451 Diaconum
1209 2423 1370 2465 eosque
1398 2406 1558 2464 quibus

86 2467 179 2504 tum
197 2463 386 2515 genuina
406 2462 459 2507 P.
480 2464 613 2506 verba
632 2470 724 2507 tum
746 2481 896 2508 eorum
919 2467 1169 2522 corruptela
1200 2465 1257 2507 ob
1285 2465 1434 2507 oculos
1461 2465 1559 2506 fue-

87 2524 161 2562 rat
180 2516 434 2575 (cf.Isid01-.
452 2520 484 2563 l.
505 2521 579 2576 1.).
633 2521 766 2564 Adde
789 2521 907 2579 quod
925 2522 1145 2580 scriptura
1166 2518 1217 2563 οὐ
1233 2519 1367 2576 μόνον
1385 2518 1428 2563 οὶ
1447 2537 1561 2563 ποι-
1613 2522 1618 2526 ’

89 2579 240 2624 οῦντες
259 2572 393 2625 αὐτὰ,
423 2572 535 2617 ἀλλὰ
557 2578 630 2619 καὶ
652 2576 695 2620 οἱ
714 2580 1076 2627 συνευδοκοῦντες
1096 2580 1189 2627 τοῖς
1211 2575 1466 2633 πράσσουσι
1489 2578 1558 2620 ni-

89 2633 157 2676 hil
178 2632 223 2673 in
245 2631 464 2673 sententia
486 2638 705 2687 mutatur,
735 2650 867 2691 quum
886 2635 956 2677 vel
975 2635 1037 2676 sic
1058 2634 1200 2693 major
1218 2635 1285 2678 vis
1305 2633 1351 2678 ἐν
1368 2635 1429 2691 τῷ
1453 2650 1560 2677 συν-

91 2689 291 2731 ευόοκεῖν
327 2691 421 2737 τοῖς
457 2687 712 2743 πράσσουσι
759 2688 815 2731 τὰ
850 2688 910 2744 μὴ
950 2688 1204 2746 καθήκοντα
1246 2706 1374 2749 quam
1411 2691 1456 2734 ἐν
1496 2690 1559 2747 τῷ

91 2748 239 2787 ποιεῖν
260 2740 370 2786 αὗτά
388 2745 627 2788 recumbat.
686 2745 874 2789 Temere
893 2747 1032 2801 igitur
1053 2748 1093 2789 si
1114 2749 1189 2805 qui
1208 2750 1309 2807 plus
1330 2763 1430 2791 esse
1452 2749 1559 2790 alio-

91 2815 189 2844 rum
204 2800 406 2858 facinora
421 2801 603 2857 probare
625 2816 754 2858 quam
787 2804 926 2858 ipsum
956 2803 1155 2860 facinora
1181 2807 1443 2849 committere
1473 2817 1559 2845 non

94 2857 308 2900 vidissent
327 2862 377 2899 ut
401 2858 444 2899 in
476 2872 562 2913 quo
591 2858 876 2903 offendissent
903 2866 1177 2904 removerent
1199 2862 1342 2905 locum
1373 2861 1435 2904 ita
1462 2864 1558 2902 ten-
