1752 3347
562 188 653 233 CA
670 186 721 233 P.
755 187 792 232 Ι.
834 187 924 231 Vs.
957 190 999 231 3.
1040 191 1091 231 et
1120 188 1163 230 4.
1574 187 1601 228 9

128 295 274 340 euasit
293 294 562 351 Thalamus,
592 310 854 354 quamquam
873 296 1027 351 negari
1046 309 1130 337 uon
1158 296 1330 352 potest,
1362 292 1604 350 posteriori

127 358 208 397 τοῦ
228 349 489 408 ὁρισθέντος
511 346 547 395 ἒς.
563 369 600 396 τ.
622 355 660 396 λ.
682 354 927 410 graviorem
948 352 1210 395 sententiam
1230 349 1414 393 subesse
1429 382 1441 402 ‚
1472 363 1602 405 quam

127 409 271 469 priori
288 409 368 451 τοῦ
386 408 619 465 γενομένου
638 437 688 443 -
711 412 821 452 κατὰ
841 407 982 464 σάρκα
996 442 1005 458 ,
1038 408 1115 451 scd
1134 407 1297 450 hahent
1316 406 1395 448 illa
1420 404 1602 448 ἀντίθε-

128 481 212 510 σιν.
271 464 388 509 Nam
407 465 660 510 describens
681 465 850 510 Paulus
870 467 952 510 filii
969 466 1058 508 Dei
1076 467 1121 507 in
1137 479 1291 522 yenere
1307 463 1490 506 lnnnano
1517 463 1602 505 col-

128 524 258 567 locati
273 522 588 578 conditionem,
619 540 718 567 eum
742 540 765 566 e
789 529 917 580 gente
935 522 1124 567 Davidis
1151 526 1302 564 natum
1327 535 1427 562 esse
1457 523 1603 561 monet

127 585 178 623 at
192 581 402 623 hominem
420 581 519 635 (τοῦ
536 579 769 634 γενομένου
791 606 842 613 -
863 580 974 623 κατὰ
1005 579 1189 636 σάρκα),
1225 579 1313 622 Dee·
1333 576 1473 632 filiam
1499 591 1601 618 con-

129 637 333 680 stitutum
353 636 577 678 contendit.
595 651 678 678 non
701 636 785 678 una
807 652 879 691 re,
916 636 994 678 sed
1024 636 1227 693 pluribus
1258 635 1357 692 (τοῦ
1388 632 1604 690 ὁρισθέν-

127 708 205 743 τος
222 719 273 724 -
293 691 343 743 ἐξ
366 689 650 741 ἀναστάσεως
675 695 866 748 νεκρῶν).
926 692 1017 748 Qui
1042 707 1085 736 v.
1114 694 1194 734 τοῦ
1222 689 1456 748 γενομένου
1474 715 1529 721 —-
1545 715 1604 723 —

128 748 176 801 ἔξ
199 746 482 798 ἀναστάσεως
507 749 670 804 νεκρῶν
693 749 739 790 in
761 748 1048 807 parenthesin
1067 754 1276 805 tanquam
1295 748 1338 789 in
1359 745 1603 789 custodiam

127 806 463 858 concluserunt,
492 820 579 848 non
598 811 861 865 reputarunt
879 805 1170 848 admiratione
1195 805 1361 849 Christi
1383 809 1425 847 et
1455 818 1604 846 amore

127 862 304 906 ductum
327 862 587 921 scriptorem
609 878 721 920 quae
740 863 867 907 illius
885 863 1046 906 fuisset
1071 862 1189 903 inter
1216 862 1427 903 mortales
1455 860 1604 903 condi-

126 920 191 964 tio
212 920 408 976 graviter
427 921 683 978 eloquutum
701 935 802 963 esse
815 954 826 974 ‚
854 934 940 962 non
960 919 1106 961 obiter
1123 917 1366 960 addidisse.
1424 918 1504 960 τοῦ
1530 932 1606 972 γε-

127 976 314 1031 νομένου
341 973 390 1021 ἐκ
416 976 673 1033 σπέρματος
696 977 862 1033 Δαυΐὸ]
894 976 1071 1035 Quippe
1100 981 1198 1018 erat·
1224 975 1269 1016 in
1295 974 1426 1027 satis,
1458 979 1506 1016 ut
1525 975 1605 1019 Ju-

126 1033 337 1078 daeorum
354 1035 600 1093 sospitator
622 1034 836 1091 originem
855 1034 1036 1077 duceret
1053 1031 1262 1076 aDavide
1279 1031 1325 1087 [J
1328 1046 1462 1075 erem.
1481 1032 1551 1085 23,
1563 1031 1606 1076 5.

127 1090 211 1137 PS.
240 1091 424 1146 132,11.
451 1091 787 1146 Matth.22,42‚
819 1091 922 1138 Joh.
941 1091 1103 1145 ⁷‚42.].
1159 1084 1272 1131 κατά
1305 1085 1465 1143 σάρκα]
1499 1089 1608 1146 qaod

129 1148 188 1192 ad
205 1162 379 1192 carnem
397 1151 554 1191 attinet
574 1149 618 1191 h.
638 1163 678 1193 e.
700 1154 909 1204 qnatenus
936 1163 1098 1192 carne
1126 1146 1157 1190 i.
1184 1161 1224 1190 e.
1254 1159 1477 1201 corpore
1505 1159 1601 1187 con-

127 1205 278 1248 stabat
312 1205 405 1248 sive
435 1210 643 1263 quatenus
669 1205 820 1248 homo
847 1210 958 1249 erat.
1000 1205 1075 1260 [cf.
1101 1204 1356 1256 Bezam.].
1430 1201 1607 1243 Etenim

130 1258 265 1319 σάρξ,
305 1275 427 1315 caro,
471 1266 522 1304 ut
586 1262 768 1304 rimaria
793 1262 993 1320 corporis
1023 1276 1152 1319 pars,
1190 1258 1435 1315 hujusmodi
1461 1259 1505 1300 in
1540 1260 1608 1300 lo-

129 1317 195 1360 cis
221 1317 275 1360 de
303 1333 425 1374 corp
439 1333 526 1361 ore
553 1276 715 1361 Eicitur
736 1320 833 1377 ipso
855 1320 981 1375 [Act.
1000 1319 1125 1370 2,31.
1152 1316 1320 1374 Ephes.
1336 1315 1378 1368 2,
1393 1315 1463 1360 15.
1481 1315 1522 1369 5,
1535 1315 1606 1360 29.

127 1374 260 1420 Rom.
286 1376 329 1429 2,
340 1375 413 1420 28.
439 1375 605 1434 Ephes.
621 1377 768 1431 2‚11.]
808 1375 1130 1418 imbecillitatis
1157 1373 1508 1428 fragilitatisque
1529 1372 1610 1414 hu-

128 1447 283 1474 manae
311 1431 509 1484 notione,
549 1448 660 1489 quae
686 1434 732 1474 in
762 1433 811 1475 ea
838 1434 1006 1491 passim
1034 1431 1235 1489 quaesita
1257 1433 1347 1483 est,
1387 1430 1519 1488 plane
1539 1443 1609 1471 se-

128 1488 272 1534 clusa.
339 1485 619 1543 ὁρισθέντος]
649 1489 787 1534 Barh.
818 1492 860 1534 l.
897 1492 960 1534 al.
998 1485 1389 1544 προορισθέντος.
1464 1484 1525 1530 It.
1563 1489 1610 1528 et

128 1544 294 1601 Vulg.:
324 1545 396 1603 qui
419 1547 798 1601 praedestinatus
815 1552 878 1606 eft
892 1546 1010 1599 filius
1029 1545 1133 1587 Dei.
1189 1542 1313 1585 Haec
1330 1543 1462 1585 lectio
1486 1544 1607 1598 glos-

128 1617 251 1646 sema
270 1606 339 1645 est
356 1601 421 1660 pii
437 1603 635 1657 lectoris,
657 1603 843 1645 consilia
865 1602 1012 1645 divina
1025 1601 1080 1644 ah
1091 1605 1271 1642 aeterno
1283 1604 1411 1657 capta
1425 1601 1610 1657 [EpheS.

129 1661 246 1715 1‚4.]
276 1659 574 1715 observantis,
637 1659 758 1703 Vide
788 1659 930 1702 ΜὶΗὶἱ
958 1658 1140 1713 Proleg.
1172 1660 1214 1711 §.
1235 1657 1354 1700 737..
1412 1656 1609 1699 Tantum

129 1731 217 1760 non
245 1731 396 1759 omnes
425 1717 720 1774 interpretes,
751 1716 915 1775 Syrum
942 1721 987 1759 et
1014 1715 1174 1758 Patres
1203 1727 1387 1769 graecos
1415 1714 1609 1771 sequuti,

130 1768 395 1831 ὁρισθέντος
415 1774 747 1831 explicuerunt:
777 1775 848 1831 (Ιιιὶ
864 1774 1188 1817 declaratus
1220 1786 1259 1815 S.
1280 1770 1608 1828 manifesta-

128 1835 217 1874 tus
245 1835 311 1874 est
337 1831 425 1873 Dei
445 1831 580 1886 filias.
648 1830 900 1887 Theophyl.:
947 1831 1027 1873 τοῦ
1059 1826 1344 1885 ὁρισθέντος,
1383 1827 1610 1870 τουτέστιν

129 1885 500 1940 ἀποδειχθέντος,
539 1888 896 1942 βεβαιωθέντος,
938 1885 1186 1944 κριθέντος.
1262 1883 1367 1926 Non
1395 1885 1508 1926 enim
1535 1882 1609 1940 fa-

129 1949 246 1987 ctam
266 1958 366 1987 esse
386 1943 538 1989 Jesum
557 1944 648 1988 Dei
668 1945 810 1988 filium
842 1960 922 1987 suo
952 1945 997 1986 in
1027 1943 1163 1986 vitam
1192 1940 1364 1995 reditu,
1404 1941 1474 1982 cui
1503 1941 1610 1982 haec

129 2000 326 2058 dignitas
340 2002 434 2062 jam
452 2001 592 2044 fuerit
620 2006 721 2045 ante
748 2001 899 2044 mundi
930 2001 1058 2043 initia
1091 1999 1208 2054 [Col.
1232 1998 1354 2052 1,15.
1382 2000 1495 2055 sq.]‚
1531 1996 1611 2040 sed

131 2058 616 2115 coynstumfftomin‘e’bus.
670 2060 791 2103 Bene
817 2058 1019 2116 quidem,
1048 2071 1190 2113 neque
1217 2056 1305 2098 loci
1329 2069 1499 2097 Sensum
1523 2069 1610 2096 non

131 2121 250 2158 recte
267 2116 339 2158 illi
356 2116 652 2173 explicatores
670 2121 990 2175 perceperunt,
1032 2113 1112 2157 sed
1140 2118 1347 2156 errarunt
1375 2126 1450 2164 ρο,
1493 2110 1611 2167 quod

130 2177 177 2214 et
194 2169 357 2226 ὁρίζειν
377 2173 629 2229 significare
649 2175 873 2217 declarare
892 2172 1064 2231 opinati
1083 2175 1186 2214 sunt
1204 2184 1344 2226 neque
1365 2168 1486 2209 illam
1509 2182 1610 2209 sen-

132 2229 316 2272 tentiam
333 2234 427 2272 tum
449 2245 624 2287 quoque
642 2231 743 2273 huic
762 2231 795 2275 l.
817 2231 966 2273 inesse
988 2230 1328 2278 intellexerunt,
1359 2240 1490 2282 quum
1510 2239 1610 2266 ver-

133 2284 190 2326 bo
229 2283 394 2340 ὁρίζειν
429 2292 596 2330 certum
635 2294 680 2330 et
711 2293 966 2330 consuetum
1000 2284 1282 2329 constituendi
1313 2281 1611 2336 significatum

134 2340 394 2401 subjeceris.
450 2343 567 2388 Nam
589 2345 666 2401 qui
695 2342 858 2402 ὁρίζειν
888 2358 988 2386 esse
1015 2342 1240 2384 declarare
1266 2342 1503 2395 putarunt,
1533 2343 1612 2381 aut

134 2399 182 2441 in
202 2398 327 2441 verbi
347 2402 614 2456 etymologia
638 2401 835 2457 argutati
855 2405 983 2452 sunt,
1011 2403 1062 2440 ut
1084 2395 1312 2451 Tlaeeophyl.
1327 2427 1339 2447 ‚
1367 2399 1444 2437 aut
1465 2395 1611 2437 aliena

74 2501 78 2504 ,
135 2456 170 2499 l.
189 2456 458 2510 attulerunt,
487 2463 537 2499 ut
558 2459 788 2511 Ekneras,
820 2463 897 2500 aut
923 2456 1055 2498 nimis
1084 2453 1348 2495 festinanter
1378 2466 1609 2507 argumen-

135 2513 222 2555 tati
242 2516 365 2566 sunt,
395 2518 444 2555 ut
464 2513 726 2558 Rueckertus
746 2520 982 2572 propterea
1013 2526 1054 2555 v,
1084 2505 1244 2564 ὁρίζειν
1272 2508 1517 2562 declarare,
1548 2523 1611 2555 ct:

137 2571 346 2625 metten„
375 2569 624 2623 significare
644 2587 776 2629 posse
796 2576 920 2613 ratus
934 2603 946 2622 ,
976 2566 1181 2625 quoniam
1202 2565 1261 2608 sit
1287 2566 1612 2608 accuratissime

137 2624 336 2681 desinire,
383 2627 602 2681 feststcsscn,
648 2630 903 2673 oossfommen
942 2627 1187 2680 bestimmens
1246 2627 1322 2664 aut
1359 2622 1611 2665 declarandi

138 2683 503 2739 significationem
522 2685 721 2740 precario
744 2689 995 2725 sumserunt
1009 2715 1020 2734 ,
1050 2686 1098 2722 ut
1119 2678 1353 2732 Schleusn„
1380 2679 1611 2723 Bretschn.

141 2741 220 2783 al..
279 2738 401 2795 Quin
420 2740 491 2782 hic
512 2755 686 2797 quoque
709 2736 871 2797 ὁρίζειν
892 2740 1003 2781 nihil
1026 2736 1114 2779 nisi
1131 2733 1322 2789 definire,
1343 2736 1611 2786 constituere,

141 2798 375 2852 bestimmen,
394 2794 538 2850 notatj
553 2803 603 2840 ut
619 2798 719 2858 jure
739 2796 964 2840 contendit
983 2793 1194 2850 Koppz'aS.
1251 2792 1430 2850 Quippe
1452 2790 1505 2835 P.
1522 2792 1611 2834 hd.

144 2852 198 2896 de
227 2854 384 2899 Christi
410 2854 556 2898 inter
580 2854 843 2898 mortales
874 2851 1108 2897 conditione
1138 2848 1374 2908 disputans
1403 2854 1493 2891 tum
1523 2863 1608 2908 na-
