<?xml version="1.0" encoding="UTF-8"?>
<!DOCTYPE html PUBLIC "-//W3C//DTD XHTML 1.0 Transitional//EN"
    "http://www.w3.org/TR/xhtml1/DTD/xhtml1-transitional.dtd">
<html xmlns="http://www.w3.org/1999/xhtml" xml:lang="en" lang="en">
 <head>
  <title>
</title>
<meta http-equiv="Content-Type" content="text/html;charset=utf-8" />
  <meta name='ocr-system' content='tesseract 3.04.00' />
  <meta name='ocr-capabilities' content='ocr_page ocr_carea ocr_par ocr_line ocrx_word'/>
</head>
<body>
  <div class='ocr_page' id='page_1' title='image "./pauliadromanosep01frituoft_0037.png"; bbox 0 0 1752 3347; ppageno 0'>
   <div class='ocr_carea' id='block_1_1' title="bbox 552 125 1580 181">
    <p class='ocr_par' dir='ltr' id='par_1_1' title="bbox 552 125 1580 181">
     <span class='ocr_line' id='line_1_1' title="bbox 552 125 1580 181; baseline 0.004 -7"><span class='ocrx_word' id='word_1_1' title='bbox 552 125 1132 179; x_wconf 74' lang='lat' dir='ltr'><strong>PROLEGOMENA.</strong></span> <span class='ocrx_word' id='word_1_2' title='bbox 1474 150 1580 181; x_wconf 72' lang='lat' dir='ltr'><strong>xxm</strong></span> 
     </span>
    </p>
   </div>
   <div class='ocr_carea' id='block_1_2' title="bbox 242 249 1437 425">
    <p class='ocr_par' dir='ltr' id='par_1_2' title="bbox 242 249 1437 425">
     <span class='ocr_line' id='line_1_2' title="bbox 819 249 859 292; baseline 0.05 -2"><span class='ocrx_word' id='word_1_3' title='bbox 819 249 859 292; x_wconf 79' lang='grc' dir='ltr'><strong>ὅ.</strong></span> 
     </span>
     <span class='ocr_line' id='line_1_3' title="bbox 242 310 1437 377; baseline 0.002 -13"><span class='ocrx_word' id='word_1_4' title='bbox 242 310 419 372; x_wconf 63' lang='lat' dir='ltr'><strong>omnm</strong></span> <span class='ocrx_word' id='word_1_5' title='bbox 450 327 679 364; x_wconf 67' lang='lat' dir='ltr'><strong>nrisrom</strong></span> <span class='ocrx_word' id='word_1_6' title='bbox 713 328 778 362; x_wconf 75' lang='lat' dir='ltr'><strong>Ao</strong></span> <span class='ocrx_word' id='word_1_7' title='bbox 809 328 1036 363; x_wconf 59' lang='lat' dir='ltr'><strong>nonnos</strong></span> <span class='ocrx_word' id='word_1_8' title='bbox 1066 328 1310 365; x_wconf 58' lang='lat' dir='ltr'><strong>raeiri-’m</strong></span> <span class='ocrx_word' id='word_1_9' title='bbox 1343 330 1437 377; x_wconf 75' lang='lat' dir='ltr'><strong>Sir,</strong></span> 
     </span>
     <span class='ocr_line' id='line_1_4' title="bbox 685 383 1000 425; baseline 0 -7"><span class='ocrx_word' id='word_1_10' title='bbox 685 383 1000 425; x_wconf 77' lang='lat' dir='ltr'><strong>DlsQUuuTUR.</strong></span> 
     </span>
    </p>
   </div>
   <div class='ocr_carea' id='block_1_3' title="bbox 87 463 1576 1938">
    <p class='ocr_par' dir='ltr' id='par_1_3' title="bbox 87 463 1576 1938">
     <span class='ocr_line' id='line_1_5' title="bbox 215 463 1575 520; baseline -0.001 -15"><span class='ocrx_word' id='word_1_11' title='bbox 215 463 370 516; x_wconf 73' lang='lat' dir='ltr'><strong>Magno</strong></span> <span class='ocrx_word' id='word_1_12' title='bbox 389 464 498 504; x_wconf 85' lang='lat' dir='ltr'><strong>haud</strong></span> <span class='ocrx_word' id='word_1_13' title='bbox 518 463 635 504; x_wconf 87' lang='lat' dir='ltr'><strong>dubie</strong></span> <span class='ocrx_word' id='word_1_14' title='bbox 656 463 759 504; x_wconf 89' lang='lat' dir='ltr'><strong>haec</strong></span> <span class='ocrx_word' id='word_1_15' title='bbox 781 463 954 513; x_wconf 81' lang='lat' dir='ltr'><strong>epistola</strong></span> <span class='ocrx_word' id='word_1_16' title='bbox 973 463 1223 504; x_wconf 77' lang='lat' dir='ltr'><strong>aestimanda</strong></span> <span class='ocrx_word' id='word_1_17' title='bbox 1243 471 1320 507; x_wconf 84' lang='lat' dir='ltr'><strong>est.</strong></span> <span class='ocrx_word' id='word_1_18' title='bbox 1365 464 1469 507; x_wconf 89' lang='lat' dir='ltr'><strong>Nam</strong></span> <span class='ocrx_word' id='word_1_19' title='bbox 1488 468 1575 520; x_wconf 89' lang='lat' dir='ltr'><strong>pri..</strong></span> 
     </span>
     <span class='ocr_line' id='line_1_6' title="bbox 103 520 1576 574; baseline 0.003 -14"><span class='ocrx_word' id='word_1_20' title='bbox 103 532 213 562; x_wconf 83' lang='lat' dir='ltr'><strong>mum</strong></span> <span class='ocrx_word' id='word_1_21' title='bbox 233 523 388 574; x_wconf 86' lang='lat' dir='ltr'><strong>quidem</strong></span> <span class='ocrx_word' id='word_1_22' title='bbox 406 527 488 560; x_wconf 82' lang='lat' dir='ltr'><strong>tam</strong></span> <span class='ocrx_word' id='word_1_23' title='bbox 508 527 694 561; x_wconf 81' lang='lat' dir='ltr'><strong>accurate</strong></span> <span class='ocrx_word' id='word_1_24' title='bbox 712 520 867 571; x_wconf 85' lang='lat' dir='ltr'><strong>scripta</strong></span> <span class='ocrx_word' id='word_1_25' title='bbox 884 527 967 570; x_wconf 86' lang='lat' dir='ltr'><strong>est,</strong></span> <span class='ocrx_word' id='word_1_26' title='bbox 1001 527 1063 571; x_wconf 86' lang='lat' dir='ltr'><strong>ut,</strong></span> <span class='ocrx_word' id='word_1_27' title='bbox 1102 520 1141 560; x_wconf 81' lang='lat' dir='ltr'><strong>si</strong></span> <span class='ocrx_word' id='word_1_28' title='bbox 1162 527 1330 562; x_wconf 80' lang='lat' dir='ltr'><strong>aetatem</strong></span> <span class='ocrx_word' id='word_1_29' title='bbox 1352 536 1432 564; x_wconf 87' lang='lat' dir='ltr'><strong>non</strong></span> <span class='ocrx_word' id='word_1_30' title='bbox 1455 524 1576 567; x_wconf 84' lang='lat' dir='ltr'><strong>tulis-</strong></span> 
     </span>
     <span class='ocr_line' id='line_1_7' title="bbox 103 576 1576 631; baseline 0.002 -12"><span class='ocrx_word' id='word_1_31' title='bbox 103 585 188 630; x_wconf 89' lang='lat' dir='ltr'><strong>set,</strong></span> <span class='ocrx_word' id='word_1_32' title='bbox 222 584 259 618; x_wconf 89' lang='lat' dir='ltr'><strong>et</strong></span> <span class='ocrx_word' id='word_1_33' title='bbox 280 577 327 619; x_wconf 91' lang='lat' dir='ltr'><strong>P.</strong></span> <span class='ocrx_word' id='word_1_34' title='bbox 347 578 563 618; x_wconf 79' lang='lat' dir='ltr'><strong>formulam</strong></span> <span class='ocrx_word' id='word_1_35' title='bbox 590 584 627 617; x_wconf 88' lang='lat' dir='ltr'><strong>et</strong></span> <span class='ocrx_word' id='word_1_36' title='bbox 648 577 854 617; x_wconf 81' lang='lat' dir='ltr'><strong>rationem</strong></span> <span class='ocrx_word' id='word_1_37' title='bbox 869 576 1036 616; x_wconf 90' lang='lat' dir='ltr'><strong>docendi</strong></span> <span class='ocrx_word' id='word_1_38' title='bbox 1056 578 1191 618; x_wconf 76' lang='lat' dir='ltr'><strong>minus</strong></span> <span class='ocrx_word' id='word_1_39' title='bbox 1222 579 1424 631; x_wconf 78' lang='lat' dir='ltr'>cognitam</span> <span class='ocrx_word' id='word_1_40' title='bbox 1443 581 1576 622; x_wconf 84' lang='lat' dir='ltr'><strong>habe-</strong></span> 
     </span>
     <span class='ocr_line' id='line_1_8' title="bbox 101 633 1574 684; baseline 0.004 -10"><span class='ocrx_word' id='word_1_41' title='bbox 101 646 250 678; x_wconf 82' lang='lat' dir='ltr'><strong>remus.</strong></span> <span class='ocrx_word' id='word_1_42' title='bbox 309 634 563 684; x_wconf 81' lang='lat' dir='ltr'>Quamquam</span> <span class='ocrx_word' id='word_1_43' title='bbox 581 633 799 682; x_wconf 78' lang='lat' dir='ltr'><strong>falluntur,</strong></span> <span class='ocrx_word' id='word_1_44' title='bbox 839 633 906 684; x_wconf 85' lang='lat' dir='ltr'><strong>qui</strong></span> <span class='ocrx_word' id='word_1_45' title='bbox 926 644 1014 672; x_wconf 84' lang='lat' dir='ltr'><strong>eam</strong></span> <span class='ocrx_word' id='word_1_46' title='bbox 1035 646 1117 673; x_wconf 90' lang='lat' dir='ltr'><strong>non</strong></span> <span class='ocrx_word' id='word_1_47' title='bbox 1138 641 1220 675; x_wconf 86' lang='lat' dir='ltr'><strong>tam</strong></span> <span class='ocrx_word' id='word_1_48' title='bbox 1237 637 1443 679; x_wconf 80' lang='lat' dir='ltr'><strong>familiare</strong></span> <span class='ocrx_word' id='word_1_49' title='bbox 1465 640 1574 681; x_wconf 90' lang='lat' dir='ltr'><strong>allo-</strong></span> 
     </span>
     <span class='ocr_line' id='line_1_9' title="bbox 101 691 1571 743; baseline 0.007 -15"><span class='ocrx_word' id='word_1_50' title='bbox 101 691 261 743; x_wconf 85' lang='lat' dir='ltr'><strong>quium,</strong></span> <span class='ocrx_word' id='word_1_51' title='bbox 291 703 410 741; x_wconf 88' lang='lat' dir='ltr'><strong>quam</strong></span> <span class='ocrx_word' id='word_1_52' title='bbox 430 691 804 730; x_wconf 81' lang='lat' dir='ltr'><strong>commentationem</strong></span> <span class='ocrx_word' id='word_1_53' title='bbox 823 696 1044 740; x_wconf 83' lang='lat' dir='ltr'><strong>vocarunt,</strong></span> <span class='ocrx_word' id='word_1_54' title='bbox 1082 703 1184 741; x_wconf 88' lang='lat' dir='ltr'><strong>qnae</strong></span> <span class='ocrx_word' id='word_1_55' title='bbox 1205 693 1409 736; x_wconf 85' lang='lat' dir='ltr'><strong>doetrinae</strong></span> <span class='ocrx_word' id='word_1_56' title='bbox 1427 697 1571 742; x_wconf 82' lang='lat' dir='ltr'><strong>christ.</strong></span> 
     </span>
     <span class='ocr_line' id='line_1_10' title="bbox 96 745 1573 799; baseline 0.003 -11"><span class='ocrx_word' id='word_1_57' title='bbox 96 747 279 788; x_wconf 89' lang='lat' dir='ltr'><strong>rationes</strong></span> <span class='ocrx_word' id='word_1_58' title='bbox 298 747 458 799; x_wconf 78' lang='lat' dir='ltr'><strong>egregie</strong></span> <span class='ocrx_word' id='word_1_59' title='bbox 481 754 517 787; x_wconf 88' lang='lat' dir='ltr'><strong>et</strong></span> <span class='ocrx_word' id='word_1_60' title='bbox 538 755 581 786; x_wconf 83' lang='lat' dir='ltr'><strong>ut</strong></span> <span class='ocrx_word' id='word_1_61' title='bbox 601 746 704 786; x_wconf 82' lang='lat' dir='ltr'><strong>nihil</strong></span> <span class='ocrx_word' id='word_1_62' title='bbox 727 757 854 798; x_wconf 87' lang='lat' dir='ltr'><strong>supra</strong></span> <span class='ocrx_word' id='word_1_63' title='bbox 874 745 960 785; x_wconf 83' lang='lat' dir='ltr'><strong>fieri</strong></span> <span class='ocrx_word' id='word_1_64' title='bbox 988 754 1127 796; x_wconf 84' lang='lat' dir='ltr'><strong>posset</strong></span> <span class='ocrx_word' id='word_1_65' title='bbox 1149 749 1410 795; x_wconf 76' lang='lat' dir='ltr'><strong>describeret.</strong></span> <span class='ocrx_word' id='word_1_66' title='bbox 1467 754 1573 797; x_wconf 85' lang='lat' dir='ltr'><strong>Nam</strong></span> 
     </span>
     <span class='ocr_line' id='line_1_11' title="bbox 97 802 1573 866; baseline 0.005 -22"><span class='ocrx_word' id='word_1_67' title='bbox 97 804 226 846; x_wconf 88' lang='lat' dir='ltr'><strong>Paulo</strong></span> <span class='ocrx_word' id='word_1_68' title='bbox 247 803 500 856; x_wconf 86' lang='lat' dir='ltr'><strong>propositum</strong></span> <span class='ocrx_word' id='word_1_69' title='bbox 519 803 620 856; x_wconf 78' lang='lat' dir='ltr'><strong>fuit,</strong></span> <span class='ocrx_word' id='word_1_70' title='bbox 645 802 897 852; x_wconf 76' lang='lat' dir='ltr'><strong>Romanos,</strong></span> <span class='ocrx_word' id='word_1_71' title='bbox 933 803 1143 854; x_wconf 76' lang='lat' dir='ltr'><strong>aequales</strong></span> <span class='ocrx_word' id='word_1_72' title='bbox 1158 818 1284 856; x_wconf 79' lang='lat' dir='ltr'><strong>suos,</strong></span> <span class='ocrx_word' id='word_1_73' title='bbox 1321 808 1573 866; x_wconf 83' lang='lat' dir='ltr'><strong>confirmare,</strong></span> 
     </span>
     <span class='ocr_line' id='line_1_12' title="bbox 95 854 1572 919; baseline 0.003 -18"><span class='ocrx_word' id='word_1_74' title='bbox 95 854 181 901; x_wconf 80' lang='lat' dir='ltr'><strong>nen</strong></span> <span class='ocrx_word' id='word_1_75' title='bbox 201 861 381 902; x_wconf 86' lang='lat' dir='ltr'><strong>rationes</strong></span> <span class='ocrx_word' id='word_1_76' title='bbox 401 874 628 913; x_wconf 82' lang='lat' dir='ltr'><strong>exponere,</strong></span> <span class='ocrx_word' id='word_1_77' title='bbox 657 860 804 912; x_wconf 89' lang='lat' dir='ltr'><strong>quibus</strong></span> <span class='ocrx_word' id='word_1_78' title='bbox 824 861 964 899; x_wconf 84' lang='lat' dir='ltr'><strong>ductos</strong></span> <span class='ocrx_word' id='word_1_79' title='bbox 988 872 1127 900; x_wconf 85' lang='lat' dir='ltr'><strong>omnes</strong></span> <span class='ocrx_word' id='word_1_80' title='bbox 1155 863 1330 904; x_wconf 90' lang='lat' dir='ltr'><strong>omnium</strong></span> <span class='ocrx_word' id='word_1_81' title='bbox 1348 873 1572 919; x_wconf 88' lang='lat' dir='ltr'><strong>temporum</strong></span> 
     </span>
     <span class='ocr_line' id='line_1_13' title="bbox 95 915 1571 970; baseline 0.002 -12"><span class='ocrx_word' id='word_1_82' title='bbox 95 917 332 970; x_wconf 85' lang='lat' dir='ltr'><strong>Theologos</strong></span> <span class='ocrx_word' id='word_1_83' title='bbox 360 918 572 970; x_wconf 76' lang='lat' dir='ltr'><strong>relligione</strong></span> <span class='ocrx_word' id='word_1_84' title='bbox 601 916 744 960; x_wconf 84' lang='lat' dir='ltr'><strong>christ.</strong></span> <span class='ocrx_word' id='word_1_85' title='bbox 769 916 872 956; x_wconf 86' lang='lat' dir='ltr'><strong>nihil</strong></span> <span class='ocrx_word' id='word_1_86' title='bbox 894 915 1069 957; x_wconf 79' lang='lat' dir='ltr'><strong>divinius</strong></span> <span class='ocrx_word' id='word_1_87' title='bbox 1090 925 1160 958; x_wconf 81' lang='lat' dir='ltr'><strong>aut</strong></span> <span class='ocrx_word' id='word_1_88' title='bbox 1181 919 1403 963; x_wconf 83' lang='lat' dir='ltr'><strong>salutarius</strong></span> <span class='ocrx_word' id='word_1_89' title='bbox 1427 925 1571 966; x_wconf 80' lang='lat' dir='ltr'><strong>existi-</strong></span> 
     </span>
     <span class='ocr_line' id='line_1_14' title="bbox 93 973 1569 1033; baseline 0 -16"><span class='ocrx_word' id='word_1_90' title='bbox 93 987 209 1017; x_wconf 86' lang='lat' dir='ltr'><strong>mare</strong></span> <span class='ocrx_word' id='word_1_91' title='bbox 227 980 445 1027; x_wconf 85' lang='lat' dir='ltr'><strong>oporteret.</strong></span> <span class='ocrx_word' id='word_1_92' title='bbox 502 976 552 1015; x_wconf 89' lang='lat' dir='ltr'><strong>Et</strong></span> <span class='ocrx_word' id='word_1_93' title='bbox 572 986 813 1026; x_wconf 85' lang='lat' dir='ltr'><strong>quamquam</strong></span> <span class='ocrx_word' id='word_1_94' title='bbox 834 973 881 1015; x_wconf 87' lang='lat' dir='ltr'><strong>P.</strong></span> <span class='ocrx_word' id='word_1_95' title='bbox 904 974 1002 1013; x_wconf 91' lang='lat' dir='ltr'><strong>bene</strong></span> <span class='ocrx_word' id='word_1_96' title='bbox 1022 975 1241 1017; x_wconf 84' lang='lat' dir='ltr'><strong>meditatus</strong></span> <span class='ocrx_word' id='word_1_97' title='bbox 1262 979 1313 1018; x_wconf 87' lang='lat' dir='ltr'><strong>ad</strong></span> <span class='ocrx_word' id='word_1_98' title='bbox 1331 980 1454 1032; x_wconf 87' lang='lat' dir='ltr'><strong>hujus</strong></span> <span class='ocrx_word' id='word_1_99' title='bbox 1480 982 1569 1033; x_wconf 74' lang='lat' dir='ltr'><strong>epi-</strong></span> 
     </span>
     <span class='ocr_line' id='line_1_15' title="bbox 95 1030 1569 1090; baseline 0.005 -17"><span class='ocrx_word' id='word_1_100' title='bbox 95 1031 229 1073; x_wconf 82' lang='lat' dir='ltr'><strong>stolae</strong></span> <span class='ocrx_word' id='word_1_101' title='bbox 248 1031 535 1072; x_wconf 82' lang='lat' dir='ltr'><strong>confectionem</strong></span> <span class='ocrx_word' id='word_1_102' title='bbox 553 1031 741 1082; x_wconf 85' lang='lat' dir='ltr'><strong>accessit,</strong></span> <span class='ocrx_word' id='word_1_103' title='bbox 771 1044 854 1070; x_wconf 91' lang='lat' dir='ltr'><strong>non</strong></span> <span class='ocrx_word' id='word_1_104' title='bbox 867 1030 978 1071; x_wconf 76' lang='lat' dir='ltr'><strong>tanta</strong></span> <span class='ocrx_word' id='word_1_105' title='bbox 996 1037 1131 1073; x_wconf 86' lang='lat' dir='ltr'><strong>tamen</strong></span> <span class='ocrx_word' id='word_1_106' title='bbox 1148 1033 1360 1086; x_wconf 68' lang='lat' dir='ltr'><strong>diligentia</strong></span> <span class='ocrx_word' id='word_1_107' title='bbox 1381 1037 1569 1090; x_wconf 79' lang='lat' dir='ltr'><strong>singulas</strong></span> 
     </span>
     <span class='ocr_line' id='line_1_16' title="bbox 91 1087 1570 1148; baseline 0.004 -18"><span class='ocrx_word' id='word_1_108' title='bbox 91 1089 136 1130; x_wconf 86' lang='lat' dir='ltr'><strong>in</strong></span> <span class='ocrx_word' id='word_1_109' title='bbox 164 1101 236 1130; x_wconf 91' lang='lat' dir='ltr'><strong>suo</strong></span> <span class='ocrx_word' id='word_1_110' title='bbox 261 1102 457 1142; x_wconf 87' lang='lat' dir='ltr'><strong>quamque</strong></span> <span class='ocrx_word' id='word_1_111' title='bbox 484 1089 574 1130; x_wconf 84' lang='lat' dir='ltr'><strong>loeo</strong></span> <span class='ocrx_word' id='word_1_112' title='bbox 600 1088 820 1129; x_wconf 82' lang='lat' dir='ltr'><strong>sententias</strong></span> <span class='ocrx_word' id='word_1_113' title='bbox 846 1087 1086 1140; x_wconf 83' lang='lat' dir='ltr'><strong>collocavit,</strong></span> <span class='ocrx_word' id='word_1_114' title='bbox 1126 1097 1302 1141; x_wconf 86' lang='lat' dir='ltr'><strong>quantae</strong></span> <span class='ocrx_word' id='word_1_115' title='bbox 1331 1093 1570 1148; x_wconf 85' lang='lat' dir='ltr'><strong>philosophi</strong></span> 
     </span>
     <span class='ocr_line' id='line_1_17' title="bbox 95 1145 1569 1202; baseline 0.005 -16"><span class='ocrx_word' id='word_1_116' title='bbox 95 1158 260 1198; x_wconf 82' lang='lat' dir='ltr'><strong>operam</strong></span> <span class='ocrx_word' id='word_1_117' title='bbox 288 1147 384 1186; x_wconf 87' lang='lat' dir='ltr'><strong>dant</strong></span> <span class='ocrx_word' id='word_1_118' title='bbox 413 1145 702 1197; x_wconf 76' lang='lat' dir='ltr'><strong>et&#39;rhe010gi‚</strong></span> <span class='ocrx_word' id='word_1_119' title='bbox 749 1145 822 1184; x_wconf 91' lang='lat' dir='ltr'><strong>ubi</strong></span> <span class='ocrx_word' id='word_1_120' title='bbox 849 1145 958 1185; x_wconf 88' lang='lat' dir='ltr'><strong>docte</strong></span> <span class='ocrx_word' id='word_1_121' title='bbox 986 1158 1072 1185; x_wconf 89' lang='lat' dir='ltr'><strong>rem</strong></span> <span class='ocrx_word' id='word_1_122' title='bbox 1100 1147 1334 1202; x_wconf 85' lang='lat' dir='ltr'><strong>explicant,</strong></span> <span class='ocrx_word' id='word_1_123' title='bbox 1376 1154 1445 1191; x_wconf 88' lang='lat' dir='ltr'><strong>sed</strong></span> <span class='ocrx_word' id='word_1_124' title='bbox 1473 1154 1569 1194; x_wconf 83' lang='lat' dir='ltr'><strong>sivit</strong></span> 
     </span>
     <span class='ocr_line' id='line_1_18' title="bbox 96 1201 1567 1256; baseline 0.005 -13"><span class='ocrx_word' id='word_1_125' title='bbox 96 1202 337 1254; x_wconf 86' lang='lat' dir='ltr'><strong>orationem,</strong></span> <span class='ocrx_word' id='word_1_126' title='bbox 374 1210 424 1243; x_wconf 81' lang='lat' dir='ltr'><strong>ut</strong></span> <span class='ocrx_word' id='word_1_127' title='bbox 449 1205 498 1242; x_wconf 78' lang='lat' dir='ltr'><strong>in</strong></span> <span class='ocrx_word' id='word_1_128' title='bbox 526 1203 739 1256; x_wconf 56' lang='lat' dir='ltr'><strong>epistolii,</strong></span> <span class='ocrx_word' id='word_1_129' title='bbox 778 1201 931 1252; x_wconf 82' lang='lat' dir='ltr'><strong>passim</strong></span> <span class='ocrx_word' id='word_1_130' title='bbox 957 1203 1094 1253; x_wconf 86' lang='lat' dir='ltr'><strong>paullo</strong></span> <span class='ocrx_word' id='word_1_131' title='bbox 1113 1206 1268 1245; x_wconf 77' lang='lat' dir='ltr'><strong>moveri</strong></span> <span class='ocrx_word' id='word_1_132' title='bbox 1295 1207 1465 1250; x_wconf 88' lang='lat' dir='ltr'><strong>liberius</strong></span> <span class='ocrx_word' id='word_1_133' title='bbox 1487 1211 1567 1250; x_wconf 84' lang='lat' dir='ltr'><strong>ab-</strong></span> 
     </span>
     <span class='ocr_line' id='line_1_19' title="bbox 94 1258 1563 1311; baseline 0.003 -11"><span class='ocrx_word' id='word_1_134' title='bbox 94 1262 315 1311; x_wconf 87' lang='lat' dir='ltr'><strong>ductusque</strong></span> <span class='ocrx_word' id='word_1_135' title='bbox 333 1271 358 1298; x_wconf 87' lang='lat' dir='ltr'><strong>a</strong></span> <span class='ocrx_word' id='word_1_136' title='bbox 376 1273 422 1299; x_wconf 89' lang='lat' dir='ltr'><strong>re</strong></span> <span class='ocrx_word' id='word_1_137' title='bbox 441 1259 544 1299; x_wconf 87' lang='lat' dir='ltr'><strong>alius</strong></span> <span class='ocrx_word' id='word_1_138' title='bbox 566 1259 624 1298; x_wconf 88' lang='lat' dir='ltr'><strong>rei</strong></span> <span class='ocrx_word' id='word_1_139' title='bbox 644 1258 897 1310; x_wconf 82' lang='lat' dir='ltr'><strong>expositione</strong></span> <span class='ocrx_word' id='word_1_140' title='bbox 919 1260 970 1297; x_wconf 81' lang='lat' dir='ltr'><strong>ad</strong></span> <span class='ocrx_word' id='word_1_141' title='bbox 990 1259 1102 1300; x_wconf 88' lang='lat' dir='ltr'><strong>illam</strong></span> <span class='ocrx_word' id='word_1_142' title='bbox 1119 1275 1263 1303; x_wconf 83' lang='lat' dir='ltr'><strong>rursus</strong></span> <span class='ocrx_word' id='word_1_143' title='bbox 1282 1278 1468 1308; x_wconf 77' lang='lat' dir='ltr'><strong>reversus</strong></span> <span class='ocrx_word' id='word_1_144' title='bbox 1490 1275 1563 1310; x_wconf 77' lang='lat' dir='ltr'><strong>est,</strong></span> 
     </span>
     <span class='ocr_line' id='line_1_20' title="bbox 91 1315 1566 1373; baseline 0.005 -16"><span class='ocrx_word' id='word_1_145' title='bbox 91 1316 237 1357; x_wconf 86' lang='lat' dir='ltr'><strong>Utrum</strong></span> <span class='ocrx_word' id='word_1_146' title='bbox 256 1315 430 1369; x_wconf 84' lang='lat' dir='ltr'><strong>epistola</strong></span> <span class='ocrx_word' id='word_1_147' title='bbox 460 1318 508 1355; x_wconf 84' lang='lat' dir='ltr'><strong>ad</strong></span> <span class='ocrx_word' id='word_1_148' title='bbox 532 1315 650 1359; x_wconf 82' lang='lat' dir='ltr'><strong>Rom.</strong></span> <span class='ocrx_word' id='word_1_149' title='bbox 679 1315 875 1366; x_wconf 80' lang='lat' dir='ltr'><strong>epistolae</strong></span> <span class='ocrx_word' id='word_1_150' title='bbox 899 1317 950 1354; x_wconf 86' lang='lat' dir='ltr'><strong>ad</strong></span> <span class='ocrx_word' id='word_1_151' title='bbox 973 1316 1092 1368; x_wconf 86' lang='lat' dir='ltr'><strong>Gal.,</strong></span> <span class='ocrx_word' id='word_1_152' title='bbox 1129 1331 1182 1359; x_wconf 82' lang='lat' dir='ltr'><strong>an</strong></span> <span class='ocrx_word' id='word_1_153' title='bbox 1204 1319 1303 1360; x_wconf 87' lang='lat' dir='ltr'><strong>haec</strong></span> <span class='ocrx_word' id='word_1_154' title='bbox 1327 1321 1413 1373; x_wconf 89' lang='lat' dir='ltr'><strong>illi,</strong></span> <span class='ocrx_word' id='word_1_155' title='bbox 1453 1332 1566 1365; x_wconf 73' lang='lat' dir='ltr'><strong>alite-</strong></span> 
     </span>
     <span class='ocr_line' id='line_1_21' title="bbox 93 1371 1563 1428; baseline 0.005 -15"><span class='ocrx_word' id='word_1_156' title='bbox 93 1375 283 1426; x_wconf 85' lang='lat' dir='ltr'><strong>ponenda</strong></span> <span class='ocrx_word' id='word_1_157' title='bbox 314 1373 368 1412; x_wconf 89' lang='lat' dir='ltr'><strong>sit</strong></span> <span class='ocrx_word' id='word_1_158' title='bbox 398 1377 454 1422; x_wconf 79' lang='lat' dir='ltr'><strong>(v,</strong></span> <span class='ocrx_word' id='word_1_159' title='bbox 480 1371 651 1414; x_wconf 70' lang='lat' dir='ltr'><strong>Winer.</strong></span> <span class='ocrx_word' id='word_1_160' title='bbox 680 1374 730 1411; x_wconf 88' lang='lat' dir='ltr'><strong>ad</strong></span> <span class='ocrx_word' id='word_1_161' title='bbox 757 1371 852 1412; x_wconf 86' lang='lat' dir='ltr'><strong>Gal.</strong></span> <span class='ocrx_word' id='word_1_162' title='bbox 876 1385 915 1423; x_wconf 78' lang='lat' dir='ltr'><strong>p,</strong></span> <span class='ocrx_word' id='word_1_163' title='bbox 938 1373 1005 1414; x_wconf 74' lang='lat'><strong>16.</strong></span> <span class='ocrx_word' id='word_1_164' title='bbox 1035 1386 1096 1424; x_wconf 82' lang='lat' dir='ltr'><strong>sq.</strong></span> <span class='ocrx_word' id='word_1_165' title='bbox 1126 1378 1190 1415; x_wconf 86' lang='lat' dir='ltr'><strong>ed.</strong></span> <span class='ocrx_word' id='word_1_166' title='bbox 1213 1377 1297 1428; x_wconf 82' lang='lat'><strong>3.),</strong></span> <span class='ocrx_word' id='word_1_167' title='bbox 1331 1392 1409 1418; x_wconf 85' lang='grc'>11011</span> <span class='ocrx_word' id='word_1_168' title='bbox 1436 1384 1563 1422; x_wconf 78' lang='lat' dir='ltr'><strong>audeo</strong></span> 
     </span>
     <span class='ocr_line' id='line_1_22' title="bbox 92 1428 1563 1481; baseline 0.003 -10"><span class='ocrx_word' id='word_1_169' title='bbox 92 1433 329 1481; x_wconf 79' lang='lat' dir='ltr'><strong>decernere,</strong></span> <span class='ocrx_word' id='word_1_170' title='bbox 359 1443 477 1480; x_wconf 86' lang='lat' dir='ltr'><strong>quum</strong></span> <span class='ocrx_word' id='word_1_171' title='bbox 497 1430 639 1470; x_wconf 80' lang='lat' dir='ltr'><strong>ambae</strong></span> <span class='ocrx_word' id='word_1_172' title='bbox 663 1429 701 1468; x_wconf 88' lang='lat' dir='ltr'><strong>in</strong></span> <span class='ocrx_word' id='word_1_173' title='bbox 721 1428 875 1480; x_wconf 80' lang='lat' dir='ltr'><strong>dispari</strong></span> <span class='ocrx_word' id='word_1_174' title='bbox 893 1442 1042 1479; x_wconf 73' lang='lat' dir='ltr'><strong>genere</strong></span> <span class='ocrx_word' id='word_1_175' title='bbox 1062 1431 1235 1472; x_wconf 78' lang='lat' dir='ltr'><strong>eximiae</strong></span> <span class='ocrx_word' id='word_1_176' title='bbox 1254 1435 1349 1475; x_wconf 84' lang='lat' dir='ltr'><strong>sint.</strong></span> <span class='ocrx_word' id='word_1_177' title='bbox 1407 1437 1563 1479; x_wconf 69' lang='lat' dir='ltr'><strong>Deinde</strong></span> 
     </span>
     <span class='ocr_line' id='line_1_23' title="bbox 91 1486 1563 1547; baseline 0.001 -19"><span class='ocrx_word' id='word_1_178' title='bbox 91 1487 130 1528; x_wconf 74' lang='lat' dir='ltr'><strong>si</strong></span> <span class='ocrx_word' id='word_1_179' title='bbox 147 1486 358 1539; x_wconf 81' lang='lat' dir='ltr'><strong>ingeniose</strong></span> <span class='ocrx_word' id='word_1_180' title='bbox 383 1492 418 1526; x_wconf 82' lang='lat' dir='ltr'><strong>et</strong></span> <span class='ocrx_word' id='word_1_181' title='bbox 437 1486 501 1537; x_wconf 86' lang='lat' dir='ltr'><strong>pie</strong></span> <span class='ocrx_word' id='word_1_182' title='bbox 519 1486 695 1537; x_wconf 84' lang='lat' dir='ltr'><strong>scripta,</strong></span> <span class='ocrx_word' id='word_1_183' title='bbox 735 1486 925 1536; x_wconf 78' lang='lat' dir='ltr'><strong>quoniam</strong></span> <span class='ocrx_word' id='word_1_184' title='bbox 955 1493 991 1525; x_wconf 84' lang='lat' dir='ltr'><strong>et</strong></span> <span class='ocrx_word' id='word_1_185' title='bbox 1012 1486 1218 1538; x_wconf 79' lang='lat' dir='ltr'><strong>ingenium</strong></span> <span class='ocrx_word' id='word_1_186' title='bbox 1244 1500 1391 1532; x_wconf 81' lang='lat' dir='ltr'><strong>acuunt</strong></span> <span class='ocrx_word' id='word_1_187' title='bbox 1413 1501 1451 1533; x_wconf 80' lang='lat' dir='ltr'><strong>et</strong></span> <span class='ocrx_word' id='word_1_188' title='bbox 1477 1495 1563 1547; x_wconf 69' lang='lat' dir='ltr'><strong>pie..</strong></span> 
     </span>
     <span class='ocr_line' id='line_1_24' title="bbox 88 1542 1564 1595; baseline 0.005 -10"><span class='ocrx_word' id='word_1_189' title='bbox 88 1545 186 1589; x_wconf 85' lang='lat' dir='ltr'><strong>tatis</strong></span> <span class='ocrx_word' id='word_1_190' title='bbox 203 1556 346 1584; x_wconf 87' lang='lat' dir='ltr'><strong>sensus</strong></span> <span class='ocrx_word' id='word_1_191' title='bbox 369 1542 567 1593; x_wconf 70' lang='lat' dir='ltr'><strong>excitant,</strong></span> <span class='ocrx_word' id='word_1_192' title='bbox 596 1542 740 1582; x_wconf 83' lang='lat' dir='ltr'><strong>merito</strong></span> <span class='ocrx_word' id='word_1_193' title='bbox 763 1542 1022 1594; x_wconf 82' lang='lat' dir='ltr'><strong>extollimus,</strong></span> <span class='ocrx_word' id='word_1_194' title='bbox 1059 1545 1182 1585; x_wconf 79' lang='lat' dir='ltr'><strong>durus</strong></span> <span class='ocrx_word' id='word_1_195' title='bbox 1207 1547 1260 1586; x_wconf 86' lang='lat' dir='ltr'><strong>sit</strong></span> <span class='ocrx_word' id='word_1_196' title='bbox 1282 1548 1400 1589; x_wconf 86' lang='lat' dir='ltr'><strong>homo</strong></span> <span class='ocrx_word' id='word_1_197' title='bbox 1422 1551 1564 1595; x_wconf 77' lang='lat' dir='ltr'><strong>ein-ist.</strong></span> 
     </span>
     <span class='ocr_line' id='line_1_25' title="bbox 92 1598 1563 1657; baseline 0.006 -15"><span class='ocrx_word' id='word_1_198' title='bbox 92 1606 268 1653; x_wconf 86' lang='lat' dir='ltr'><strong>oportet,</strong></span> <span class='ocrx_word' id='word_1_199' title='bbox 304 1600 418 1653; x_wconf 86' lang='lat' dir='ltr'><strong>cujus</strong></span> <span class='ocrx_word' id='word_1_200' title='bbox 446 1606 614 1639; x_wconf 85' lang='lat' dir='ltr'><strong>mentem</strong></span> <span class='ocrx_word' id='word_1_201' title='bbox 638 1598 888 1650; x_wconf 87' lang='lat' dir='ltr'><strong>animumque</strong></span> <span class='ocrx_word' id='word_1_202' title='bbox 909 1599 1054 1639; x_wconf 81' lang='lat' dir='ltr'><strong>summi</strong></span> <span class='ocrx_word' id='word_1_203' title='bbox 1069 1601 1258 1653; x_wconf 80' lang='lat' dir='ltr'><strong>Apostoli</strong></span> <span class='ocrx_word' id='word_1_204' title='bbox 1283 1606 1456 1657; x_wconf 85' lang='lat' dir='ltr'><strong>epistola</strong></span> <span class='ocrx_word' id='word_1_205' title='bbox 1480 1616 1563 1650; x_wconf 88' lang='lat' dir='ltr'><strong>tam</strong></span> 
     </span>
     <span class='ocr_line' id='line_1_26' title="bbox 89 1656 1560 1709; baseline 0.002 -10"><span class='ocrx_word' id='word_1_206' title='bbox 89 1657 358 1708; x_wconf 84' lang='lat' dir='ltr'><strong>sententiosa,</strong></span> <span class='ocrx_word' id='word_1_207' title='bbox 388 1664 468 1697; x_wconf 82' lang='lat' dir='ltr'><strong>tam</strong></span> <span class='ocrx_word' id='word_1_208' title='bbox 492 1656 582 1709; x_wconf 79' lang='lat' dir='ltr'><strong>pia,</strong></span> <span class='ocrx_word' id='word_1_209' title='bbox 611 1662 693 1696; x_wconf 87' lang='lat' dir='ltr'><strong>tam</strong></span> <span class='ocrx_word' id='word_1_210' title='bbox 714 1658 764 1695; x_wconf 86' lang='lat' dir='ltr'><strong>ad</strong></span> <span class='ocrx_word' id='word_1_211' title='bbox 787 1656 1014 1697; x_wconf 80' lang='lat' dir='ltr'><strong>honestatis</strong></span> <span class='ocrx_word' id='word_1_212' title='bbox 1039 1662 1423 1704; x_wconf 77' lang='lat' dir='ltr'><strong>commendationem</strong></span> <span class='ocrx_word' id='word_1_213' title='bbox 1448 1680 1560 1706; x_wconf 84' lang='lat' dir='ltr'><strong>com..</strong></span> 
     </span>
     <span class='ocr_line' id='line_1_27' title="bbox 87 1713 1559 1773; baseline 0.003 -18"><span class='ocrx_word' id='word_1_214' title='bbox 87 1715 225 1768; x_wconf 83' lang='lat' dir='ltr'><strong>posita</strong></span> <span class='ocrx_word' id='word_1_215' title='bbox 253 1728 334 1755; x_wconf 90' lang='lat' dir='ltr'><strong>non</strong></span> <span class='ocrx_word' id='word_1_216' title='bbox 358 1715 455 1755; x_wconf 85' lang='lat' dir='ltr'><strong>alat.</strong></span> <span class='ocrx_word' id='word_1_217' title='bbox 517 1714 623 1753; x_wconf 87' lang='lat' dir='ltr'><strong>Tum</strong></span> <span class='ocrx_word' id='word_1_218' title='bbox 650 1713 871 1765; x_wconf 83' lang='lat' dir='ltr'><strong>praeclaris</strong></span> <span class='ocrx_word' id='word_1_219' title='bbox 899 1715 1127 1767; x_wconf 82' lang='lat' dir='ltr'><strong>praeceptis</strong></span> <span class='ocrx_word' id='word_1_220' title='bbox 1158 1718 1359 1773; x_wconf 86' lang='lat' dir='ltr'><strong>abundat,</strong></span> <span class='ocrx_word' id='word_1_221' title='bbox 1399 1729 1437 1761; x_wconf 88' lang='lat' dir='ltr'><strong>et</strong></span> <span class='ocrx_word' id='word_1_222' title='bbox 1463 1737 1559 1764; x_wconf 71' lang='lat' dir='ltr'><strong>sen-</strong></span> 
     </span>
     <span class='ocr_line' id='line_1_28' title="bbox 89 1770 1558 1832; baseline 0.006 -20"><span class='ocrx_word' id='word_1_223' title='bbox 89 1772 254 1823; x_wconf 81' lang='lat' dir='ltr'><strong>tentiis,</strong></span> <span class='ocrx_word' id='word_1_224' title='bbox 303 1784 472 1823; x_wconf 87' lang='lat' dir='ltr'><strong>quarum</strong></span> <span class='ocrx_word' id='word_1_225' title='bbox 497 1771 708 1811; x_wconf 81' lang='lat' dir='ltr'><strong>veritatem</strong></span> <span class='ocrx_word' id='word_1_226' title='bbox 739 1770 895 1809; x_wconf 83' lang='lat' dir='ltr'><strong>nullum</strong></span> <span class='ocrx_word' id='word_1_227' title='bbox 923 1784 1101 1823; x_wconf 85' lang='lat' dir='ltr'><strong>unquam</strong></span> <span class='ocrx_word' id='word_1_228' title='bbox 1136 1779 1291 1827; x_wconf 87' lang='lat' dir='ltr'><strong>tempus</strong></span> <span class='ocrx_word' id='word_1_229' title='bbox 1327 1780 1558 1832; x_wconf 77' lang='lat' dir='ltr'><strong>redarguet.</strong></span> 
     </span>
     <span class='ocr_line' id='line_1_29' title="bbox 88 1827 1559 1889; baseline 0.003 -20"><span class='ocrx_word' id='word_1_230' title='bbox 88 1829 140 1870; x_wconf 81' lang='lat' dir='ltr'><strong>At</strong></span> <span class='ocrx_word' id='word_1_231' title='bbox 158 1829 295 1869; x_wconf 87' lang='lat' dir='ltr'><strong>insunt</strong></span> <span class='ocrx_word' id='word_1_232' title='bbox 312 1828 348 1868; x_wconf 87' lang='lat' dir='ltr'><strong>ei</strong></span> <span class='ocrx_word' id='word_1_233' title='bbox 370 1830 573 1880; x_wconf 80' lang='lat' dir='ltr'><strong>dogmata,</strong></span> <span class='ocrx_word' id='word_1_234' title='bbox 603 1841 703 1880; x_wconf 86' lang='lat' dir='ltr'><strong>quae</strong></span> <span class='ocrx_word' id='word_1_235' title='bbox 718 1827 837 1878; x_wconf 80' lang='lat' dir='ltr'><strong>hujus</strong></span> <span class='ocrx_word' id='word_1_236' title='bbox 857 1828 984 1869; x_wconf 87' lang='lat' dir='ltr'><strong>seculi</strong></span> <span class='ocrx_word' id='word_1_237' title='bbox 1003 1828 1131 1871; x_wconf 86' lang='lat' dir='ltr'><strong>literis</strong></span> <span class='ocrx_word' id='word_1_238' title='bbox 1145 1833 1417 1887; x_wconf 85' lang='lat' dir='ltr'><strong>doctrinisque</strong></span> <span class='ocrx_word' id='word_1_239' title='bbox 1435 1851 1559 1889; x_wconf 76' lang='lat' dir='ltr'><strong>prae-</strong></span> 
     </span>
     <span class='ocr_line' id='line_1_30' title="bbox 90 1885 1557 1938; baseline 0.006 -12"><span class='ocrx_word' id='word_1_240' title='bbox 90 1886 201 1926; x_wconf 87' lang='lat' dir='ltr'><strong>clare</strong></span> <span class='ocrx_word' id='word_1_241' title='bbox 222 1885 392 1926; x_wconf 86' lang='lat' dir='ltr'><strong>excultis</strong></span> <span class='ocrx_word' id='word_1_242' title='bbox 418 1885 650 1926; x_wconf 82' lang='lat' dir='ltr'><strong>hominibus</strong></span> <span class='ocrx_word' id='word_1_243' title='bbox 672 1885 910 1938; x_wconf 79' lang='lat' dir='ltr'><strong>Theologus</strong></span> <span class='ocrx_word' id='word_1_244' title='bbox 942 1887 1118 1938; x_wconf 86' lang='lat' dir='ltr'><strong>probare</strong></span> <span class='ocrx_word' id='word_1_245' title='bbox 1143 1888 1300 1932; x_wconf 85' lang='lat' dir='ltr'><strong>frustra</strong></span> <span class='ocrx_word' id='word_1_246' title='bbox 1329 1901 1490 1935; x_wconf 84' lang='lat' dir='ltr'><strong>conetur</strong></span> <span class='ocrx_word' id='word_1_247' title='bbox 1518 1904 1557 1937; x_wconf 85' lang='lat' dir='ltr'><strong>et</strong></span> 
     </span>
    </p>
   </div>
   <div class='ocr_carea' id='block_1_4' title="bbox 169 2027 1555 2859">
    <p class='ocr_par' dir='ltr' id='par_1_4' title="bbox 169 2027 1555 2859">
     <span class='ocr_line' id='line_1_31' title="bbox 179 2027 1555 2080; baseline 0.008 -19"><span class='ocrx_word' id='word_1_248' title='bbox 179 2027 396 2068; x_wconf 80' lang='lat' dir='ltr'><strong>accuratas,</strong></span> <span class='ocrx_word' id='word_1_249' title='bbox 429 2035 537 2069; x_wconf 86' lang='lat' dir='ltr'><strong>quum</strong></span> <span class='ocrx_word' id='word_1_250' title='bbox 555 2028 730 2070; x_wconf 81' lang='lat' dir='ltr'><strong>epistolae</strong></span> <span class='ocrx_word' id='word_1_251' title='bbox 747 2030 890 2068; x_wconf 81' lang='lat' dir='ltr'><strong>partem</strong></span> <span class='ocrx_word' id='word_1_252' title='bbox 955 2036 1024 2063; x_wconf 84' lang='lat' dir='ltr'><strong>non</strong></span> <span class='ocrx_word' id='word_1_253' title='bbox 1047 2032 1161 2065; x_wconf 84' lang='lat' dir='ltr'><strong>totam</strong></span> <span class='ocrx_word' id='word_1_254' title='bbox 1185 2032 1376 2074; x_wconf 84' lang='lat' dir='ltr'><strong>epistolam</strong></span> <span class='ocrx_word' id='word_1_255' title='bbox 1398 2039 1555 2080; x_wconf 83' lang='lat' dir='ltr'><strong>comple-</strong></span> 
     </span>
     <span class='ocr_line' id='line_1_32' title="bbox 177 2075 1553 2121; baseline 0.004 -15"><span class='ocrx_word' id='word_1_256' title='bbox 177 2076 347 2112; x_wconf 81' lang='lat' dir='ltr'><strong>ctantur..</strong></span> <span class='ocrx_word' id='word_1_257' title='bbox 378 2075 456 2107; x_wconf 84' lang='lat' dir='ltr'><strong>sine</strong></span> <span class='ocrx_word' id='word_1_258' title='bbox 472 2076 592 2107; x_wconf 83' lang='lat' dir='ltr'><strong>fructu</strong></span> <span class='ocrx_word' id='word_1_259' title='bbox 612 2084 876 2116; x_wconf 78' lang='lat' dir='ltr'><strong>pei-censerem.</strong></span> <span class='ocrx_word' id='word_1_260' title='bbox 916 2077 970 2111; x_wconf 81' lang='lat' dir='ltr'><strong>Cf.</strong></span> <span class='ocrx_word' id='word_1_261' title='bbox 987 2077 1119 2110; x_wconf 77' lang='lat' dir='ltr'><strong>Reich.</strong></span> <span class='ocrx_word' id='word_1_262' title='bbox 1137 2080 1166 2121; x_wconf 79' lang='grc' dir='ltr'><strong>Ι,</strong></span> <span class='ocrx_word' id='word_1_263' title='bbox 1183 2081 1349 2116; x_wconf 81' lang='lat'><strong>70—84.</strong></span> <span class='ocrx_word' id='word_1_264' title='bbox 1396 2085 1468 2116; x_wconf 88' lang='lat' dir='ltr'><strong>Sed</strong></span> <span class='ocrx_word' id='word_1_265' title='bbox 1483 2087 1553 2117; x_wconf 84' lang='lat' dir='ltr'><strong>mi-</strong></span> 
     </span>
     <span class='ocr_line' id='line_1_33' title="bbox 177 2116 1551 2172; baseline 0.009 -20"><span class='ocrx_word' id='word_1_266' title='bbox 177 2128 259 2153; x_wconf 83' lang='lat' dir='ltr'><strong>ram</strong></span> <span class='ocrx_word' id='word_1_267' title='bbox 286 2121 516 2154; x_wconf 78' lang='lat' dir='ltr'><strong>Eichhorm‘i</strong></span> <span class='ocrx_word' id='word_1_268' title='bbox 537 2116 636 2156; x_wconf 55' lang='lat' dir='ltr'><strong>(sini.</strong></span> <span class='ocrx_word' id='word_1_269' title='bbox 664 2123 728 2161; x_wconf 80' lang='grc' dir='ltr'>ΙΙΙ,</span> <span class='ocrx_word' id='word_1_270' title='bbox 755 2123 834 2155; x_wconf 85' lang='grc'>215.</span> <span class='ocrx_word' id='word_1_271' title='bbox 860 2131 938 2164; x_wconf 82' lang='lat' dir='ltr'><strong>sqq.</strong></span> <span class='ocrx_word' id='word_1_272' title='bbox 977 2124 1174 2164; x_wconf 77' lang='lat' dir='ltr'><strong>opinionem</strong></span> <span class='ocrx_word' id='word_1_273' title='bbox 1204 2127 1386 2169; x_wconf 80' lang='lat' dir='ltr'><strong>stringere</strong></span> <span class='ocrx_word' id='word_1_274' title='bbox 1418 2132 1551 2172; x_wconf 83' lang='lat' dir='ltr'><strong>placet.</strong></span> 
     </span>
     <span class='ocr_line' id='line_1_34' title="bbox 177 2166 1554 2212; baseline 0.011 -15"><span class='ocrx_word' id='word_1_275' title='bbox 177 2166 248 2206; x_wconf 77' lang='lat' dir='ltr'><strong>Qui</strong></span> <span class='ocrx_word' id='word_1_276' title='bbox 265 2176 371 2208; x_wconf 84' lang='lat' dir='ltr'><strong>quum</strong></span> <span class='ocrx_word' id='word_1_277' title='bbox 388 2168 568 2210; x_wconf 74' lang='lat' dir='ltr'><strong>JtidanS‚</strong></span> <span class='ocrx_word' id='word_1_278' title='bbox 597 2177 642 2201; x_wconf 88' lang='lat' dir='ltr'><strong>ne</strong></span> <span class='ocrx_word' id='word_1_279' title='bbox 663 2169 838 2209; x_wconf 76' lang='lat' dir='ltr'><strong>proselyti</strong></span> <span class='ocrx_word' id='word_1_280' title='bbox 856 2177 878 2201; x_wconf 84' lang='lat' dir='ltr'><strong>a</strong></span> <span class='ocrx_word' id='word_1_281' title='bbox 894 2170 1007 2202; x_wconf 75' lang='lat' dir='ltr'><strong>mosis</strong></span> <span class='ocrx_word' id='word_1_282' title='bbox 1024 2168 1208 2212; x_wconf 64' lang='lat' dir='ltr'><strong>disciplinrl</strong></span> <span class='ocrx_word' id='word_1_283' title='bbox 1226 2175 1427 2209; x_wconf 70' lang='lat' dir='ltr'><strong>arichi-isti</strong></span> <span class='ocrx_word' id='word_1_284' title='bbox 1443 2186 1554 2212; x_wconf 81' lang='lat' dir='ltr'><strong>sacra</strong></span> 
     </span>
     <span class='ocr_line' id='line_1_35' title="bbox 177 2210 1550 2265; baseline 0.009 -21"><span class='ocrx_word' id='word_1_285' title='bbox 177 2213 382 2255; x_wconf 85' lang='lat' dir='ltr'><strong>deficerent,</strong></span> <span class='ocrx_word' id='word_1_286' title='bbox 407 2210 558 2254; x_wconf 83' lang='lat' dir='ltr'><strong>judaica</strong></span> <span class='ocrx_word' id='word_1_287' title='bbox 577 2222 688 2247; x_wconf 86' lang='lat' dir='ltr'><strong>saera</strong></span> <span class='ocrx_word' id='word_1_288' title='bbox 705 2216 862 2247; x_wconf 81' lang='lat' dir='ltr'><strong>homines</strong></span> <span class='ocrx_word' id='word_1_289' title='bbox 879 2217 987 2248; x_wconf 84' lang='lat' dir='ltr'><strong>beare</strong></span> <span class='ocrx_word' id='word_1_290' title='bbox 1003 2226 1071 2249; x_wconf 84' lang='lat' dir='ltr'><strong>nec</strong></span> <span class='ocrx_word' id='word_1_291' title='bbox 1087 2219 1191 2250; x_wconf 76' lang='lat' dir='ltr'><strong>novis</strong></span> <span class='ocrx_word' id='word_1_292' title='bbox 1212 2221 1329 2252; x_wconf 83' lang='lat' dir='ltr'><strong>sacris</strong></span> <span class='ocrx_word' id='word_1_293' title='bbox 1344 2230 1433 2262; x_wconf 83' lang='lat' dir='ltr'><strong>opus</strong></span> <span class='ocrx_word' id='word_1_294' title='bbox 1453 2233 1550 2265; x_wconf 76' lang='lat' dir='ltr'><strong>esse,</strong></span> 
     </span>
     <span class='ocr_line' id='line_1_36' title="bbox 175 2258 1549 2304; baseline 0.009 -14"><span class='ocrx_word' id='word_1_295' title='bbox 175 2258 309 2291; x_wconf 82' lang='lat' dir='ltr'><strong>Romae</strong></span> <span class='ocrx_word' id='word_1_296' title='bbox 328 2259 558 2291; x_wconf 84' lang='lat' dir='ltr'><strong>contendisse</strong></span> <span class='ocrx_word' id='word_1_297' title='bbox 576 2261 761 2299; x_wconf 68' lang='lat' dir='ltr'><strong>finxisset,</strong></span> <span class='ocrx_word' id='word_1_298' title='bbox 792 2261 962 2301; x_wconf 76' lang='lat' dir='ltr'><strong>Panium,</strong></span> <span class='ocrx_word' id='word_1_299' title='bbox 995 2265 1036 2295; x_wconf 91' lang='lat' dir='ltr'><strong>ut</strong></span> <span class='ocrx_word' id='word_1_300' title='bbox 1051 2265 1201 2297; x_wconf 83' lang='lat' dir='ltr'><strong>Romani</strong></span> <span class='ocrx_word' id='word_1_301' title='bbox 1230 2265 1265 2298; x_wconf 88' lang='lat' dir='ltr'><strong>in</strong></span> <span class='ocrx_word' id='word_1_302' title='bbox 1285 2267 1414 2301; x_wconf 86' lang='lat' dir='ltr'><strong>Christi</strong></span> <span class='ocrx_word' id='word_1_303' title='bbox 1435 2270 1549 2304; x_wconf 84' lang='lat' dir='ltr'><strong>disci-</strong></span> 
     </span>
     <span class='ocr_line' id='line_1_37' title="bbox 175 2299 1550 2357; baseline 0.011 -23"><span class='ocrx_word' id='word_1_304' title='bbox 175 2299 270 2343; x_wconf 64' lang='lat' dir='ltr'><strong>plina</strong></span> <span class='ocrx_word' id='word_1_305' title='bbox 285 2312 492 2348; x_wconf 77' lang='lat' dir='ltr'><strong>manerent,</strong></span> <span class='ocrx_word' id='word_1_306' title='bbox 523 2306 684 2340; x_wconf 83' lang='lat' dir='ltr'><strong>Judaeos</strong></span> <span class='ocrx_word' id='word_1_307' title='bbox 700 2307 752 2340; x_wconf 85' lang='lat' dir='ltr'><strong>ita</strong></span> <span class='ocrx_word' id='word_1_308' title='bbox 770 2316 999 2349; x_wconf 62' lang='lat' dir='ltr'><strong>oppugmasse</strong></span> <span class='ocrx_word' id='word_1_309' title='bbox 1017 2312 1177 2350; x_wconf 80' lang='lat' dir='ltr'><strong>putavit,</strong></span> <span class='ocrx_word' id='word_1_310' title='bbox 1201 2314 1240 2343; x_wconf 83' lang='grc'><strong>111</strong></span> <span class='ocrx_word' id='word_1_311' title='bbox 1254 2314 1368 2346; x_wconf 84' lang='lat' dir='ltr'><strong>Mosis</strong></span> <span class='ocrx_word' id='word_1_312' title='bbox 1387 2316 1550 2357; x_wconf 81' lang='lat' dir='ltr'><strong>discipli-</strong></span> 
     </span>
     <span class='ocr_line' id='line_1_38' title="bbox 175 2350 1549 2398; baseline 0.013 -18"><span class='ocrx_word' id='word_1_313' title='bbox 175 2350 310 2389; x_wconf 86' lang='lat' dir='ltr'><strong>plinam</strong></span> <span class='ocrx_word' id='word_1_314' title='bbox 326 2359 490 2384; x_wconf 81' lang='lat' dir='ltr'><strong>mancam</strong></span> <span class='ocrx_word' id='word_1_315' title='bbox 507 2358 541 2384; x_wconf 78' lang='lat' dir='ltr'><strong>et</strong></span> <span class='ocrx_word' id='word_1_316' title='bbox 564 2353 703 2393; x_wconf 79' lang='lat' dir='ltr'><strong>inopem</strong></span> <span class='ocrx_word' id='word_1_317' title='bbox 723 2362 806 2386; x_wconf 79' lang='lat' dir='ltr'><strong>esse</strong></span> <span class='ocrx_word' id='word_1_318' title='bbox 826 2356 1044 2388; x_wconf 77' lang='lat' dir='ltr'><strong>ostenderet.</strong></span> <span class='ocrx_word' id='word_1_319' title='bbox 1091 2357 1318 2392; x_wconf 72' lang='lat' dir='ltr'><strong>Eichhornt&#39;i</strong></span> <span class='ocrx_word' id='word_1_320' title='bbox 1335 2364 1549 2398; x_wconf 83' lang='lat' dir='ltr'><strong>sententiam</strong></span> 
     </span>
     <span class='ocr_line' id='line_1_39' title="bbox 176 2395 1549 2446; baseline 0.012 -19"><span class='ocrx_word' id='word_1_321' title='bbox 176 2395 351 2435; x_wconf 85' lang='lat' dir='ltr'><strong>epistolae</strong></span> <span class='ocrx_word' id='word_1_322' title='bbox 371 2400 621 2438; x_wconf 82' lang='lat' dir='ltr'><strong>argumentum</strong></span> <span class='ocrx_word' id='word_1_323' title='bbox 642 2401 841 2441; x_wconf 77' lang='lat' dir='ltr'><strong>redarguit.</strong></span> <span class='ocrx_word' id='word_1_324' title='bbox 899 2402 990 2434; x_wconf 82' lang='lat' dir='ltr'><strong>Nam</strong></span> <span class='ocrx_word' id='word_1_325' title='bbox 1018 2404 1273 2444; x_wconf 80' lang='lat' dir='ltr'><strong>praeterquam</strong></span> <span class='ocrx_word' id='word_1_326' title='bbox 1297 2407 1389 2446; x_wconf 86' lang='lat' dir='ltr'><strong>quod</strong></span> <span class='ocrx_word' id='word_1_327' title='bbox 1413 2408 1452 2441; x_wconf 87' lang='grc' dir='ltr'><strong>Ρ.</strong></span> <span class='ocrx_word' id='word_1_328' title='bbox 1475 2418 1549 2444; x_wconf 90' lang='lat' dir='ltr'><strong>non</strong></span> 
     </span>
     <span class='ocr_line' id='line_1_40' title="bbox 174 2441 1547 2496; baseline 0.012 -24"><span class='ocrx_word' id='word_1_329' title='bbox 174 2442 290 2473; x_wconf 88' lang='lat' dir='ltr'><strong>solum</strong></span> <span class='ocrx_word' id='word_1_330' title='bbox 313 2441 402 2483; x_wconf 83' lang='lat' dir='ltr'><strong>legis</strong></span> <span class='ocrx_word' id='word_1_331' title='bbox 426 2451 513 2475; x_wconf 89' lang='lat' dir='ltr'><strong>mos.</strong></span> <span class='ocrx_word' id='word_1_332' title='bbox 537 2446 767 2488; x_wconf 80' lang='lat' dir='ltr'><strong>tenuitatem,</strong></span> <span class='ocrx_word' id='word_1_333' title='bbox 805 2456 933 2479; x_wconf 87' lang='lat' dir='ltr'><strong>verum</strong></span> <span class='ocrx_word' id='word_1_334' title='bbox 959 2449 1066 2480; x_wconf 86' lang='lat' dir='ltr'><strong>ctiam</strong></span> <span class='ocrx_word' id='word_1_335' title='bbox 1091 2451 1295 2482; x_wconf 75' lang='lat' dir='ltr'><strong>exterarum</strong></span> <span class='ocrx_word' id='word_1_336' title='bbox 1320 2453 1547 2496; x_wconf 81' lang='lat' dir='ltr'><strong>relligionum</strong></span> 
     </span>
     <span class='ocr_line' id='line_1_41' title="bbox 172 2489 1545 2535; baseline 0.012 -17"><span class='ocrx_word' id='word_1_337' title='bbox 172 2489 375 2520; x_wconf 83' lang='lat' dir='ltr'><strong>vanitatem</strong></span> <span class='ocrx_word' id='word_1_338' title='bbox 392 2490 603 2528; x_wconf 68' lang='lat' dir='ltr'><strong>perstrinxit</strong></span> <span class='ocrx_word' id='word_1_339' title='bbox 621 2493 653 2534; x_wconf 83' lang='lat'><strong>1,</strong></span> <span class='ocrx_word' id='word_1_340' title='bbox 671 2493 725 2526; x_wconf 89' lang='lat'><strong>18.</strong></span> <span class='ocrx_word' id='word_1_341' title='bbox 742 2502 819 2533; x_wconf 82' lang='lat' dir='ltr'><strong>sqq.</strong></span> <span class='ocrx_word' id='word_1_342' title='bbox 832 2516 842 2532; x_wconf 87' lang='lat'>‚</span> <span class='ocrx_word' id='word_1_343' title='bbox 875 2503 945 2526; x_wconf 86' lang='lat' dir='ltr'><strong>non</strong></span> <span class='ocrx_word' id='word_1_344' title='bbox 963 2494 1099 2534; x_wconf 85' lang='lat' dir='ltr'><strong>obliquo</strong></span> <span class='ocrx_word' id='word_1_345' title='bbox 1115 2497 1183 2535; x_wconf 86' lang='lat' dir='ltr'><strong>Ap.</strong></span> <span class='ocrx_word' id='word_1_346' title='bbox 1209 2503 1276 2534; x_wconf 83' lang='lat' dir='ltr'><strong>pro</strong></span> <span class='ocrx_word' id='word_1_347' title='bbox 1291 2499 1399 2531; x_wconf 87' lang='lat' dir='ltr'><strong>animi</strong></span> <span class='ocrx_word' id='word_1_348' title='bbox 1417 2501 1475 2533; x_wconf 84' lang='lat' dir='ltr'><strong>sui</strong></span> <span class='ocrx_word' id='word_1_349' title='bbox 1497 2504 1545 2534; x_wconf 87' lang='lat' dir='ltr'><strong>li-</strong></span> 
     </span>
     <span class='ocr_line' id='line_1_42' title="bbox 172 2533 1545 2583; baseline 0.012 -18"><span class='ocrx_word' id='word_1_350' title='bbox 172 2533 313 2566; x_wconf 83' lang='lat' dir='ltr'><strong>bertate</strong></span> <span class='ocrx_word' id='word_1_351' title='bbox 331 2534 535 2574; x_wconf 82' lang='lat' dir='ltr'><strong>disputandi</strong></span> <span class='ocrx_word' id='word_1_352' title='bbox 557 2545 691 2577; x_wconf 83' lang='lat' dir='ltr'><strong>genere</strong></span> <span class='ocrx_word' id='word_1_353' title='bbox 709 2548 797 2570; x_wconf 74' lang='lat' dir='ltr'><strong>usus</strong></span> <span class='ocrx_word' id='word_1_354' title='bbox 819 2546 935 2580; x_wconf 75' lang='lat' dir='ltr'><strong>esset,</strong></span> <span class='ocrx_word' id='word_1_355' title='bbox 971 2541 1002 2571; x_wconf 82' lang='lat' dir='ltr'><strong>si</strong></span> <span class='ocrx_word' id='word_1_356' title='bbox 1016 2536 1188 2581; x_wconf 82' lang='lat' dir='ltr'><strong>judaicas</strong></span> <span class='ocrx_word' id='word_1_357' title='bbox 1210 2544 1394 2583; x_wconf 77' lang='lat' dir='ltr'><strong>captiones</strong></span> <span class='ocrx_word' id='word_1_358' title='bbox 1421 2548 1545 2582; x_wconf 84' lang='lat' dir='ltr'><strong>discu-</strong></span> 
     </span>
     <span class='ocr_line' id='line_1_43' title="bbox 176 2580 1544 2633; baseline 0.012 -21"><span class='ocrx_word' id='word_1_359' title='bbox 176 2581 256 2612; x_wconf 83' lang='lat' dir='ltr'><strong>tere</strong></span> <span class='ocrx_word' id='word_1_360' title='bbox 272 2580 469 2623; x_wconf 72' lang='lat' dir='ltr'><strong>voluisset,</strong></span> <span class='ocrx_word' id='word_1_361' title='bbox 509 2583 575 2614; x_wconf 77' lang='lat' dir='ltr'><strong>sed</strong></span> <span class='ocrx_word' id='word_1_362' title='bbox 601 2584 652 2616; x_wconf 82' lang='lat' dir='ltr'><strong>ita</strong></span> <span class='ocrx_word' id='word_1_363' title='bbox 675 2593 754 2616; x_wconf 85' lang='lat' dir='ltr'><strong>cum</strong></span> <span class='ocrx_word' id='word_1_364' title='bbox 769 2586 941 2617; x_wconf 78' lang='lat' dir='ltr'><strong>Romanis</strong></span> <span class='ocrx_word' id='word_1_365' title='bbox 963 2587 1117 2627; x_wconf 80' lang='lat' dir='ltr'><strong>egisset:</strong></span> <span class='ocrx_word' id='word_1_366' title='bbox 1156 2596 1280 2621; x_wconf 86' lang='lat' dir='ltr'><strong>veram</strong></span> <span class='ocrx_word' id='word_1_367' title='bbox 1305 2594 1341 2623; x_wconf 91' lang='lat' dir='ltr'><strong>et</strong></span> <span class='ocrx_word' id='word_1_368' title='bbox 1363 2601 1457 2633; x_wconf 85' lang='lat' dir='ltr'><strong>quae</strong></span> <span class='ocrx_word' id='word_1_369' title='bbox 1474 2605 1544 2628; x_wconf 82' lang='lat' dir='ltr'><strong>vos</strong></span> 
     </span>
     <span class='ocr_line' id='line_1_44' title="bbox 173 2626 1543 2684; baseline 0.012 -26"><span class='ocrx_word' id='word_1_370' title='bbox 173 2626 298 2666; x_wconf 85' lang='lat' dir='ltr'><strong>utique</strong></span> <span class='ocrx_word' id='word_1_371' title='bbox 313 2626 431 2658; x_wconf 84' lang='lat' dir='ltr'><strong>beabit</strong></span> <span class='ocrx_word' id='word_1_372' title='bbox 455 2628 653 2661; x_wconf 85' lang='lat' dir='ltr'><strong>doctrinam</strong></span> <span class='ocrx_word' id='word_1_373' title='bbox 676 2631 828 2670; x_wconf 79' lang='lat' dir='ltr'><strong>amplexi</strong></span> <span class='ocrx_word' id='word_1_374' title='bbox 846 2633 952 2668; x_wconf 49' lang='lat' dir='ltr'><strong>eslim</strong></span> <span class='ocrx_word' id='word_1_375' title='bbox 984 2634 1113 2664; x_wconf 76' lang='lat' dir='ltr'><strong>cavete</strong></span> <span class='ocrx_word' id='word_1_376' title='bbox 1137 2633 1246 2675; x_wconf 75' lang='lat' dir='ltr'><strong>igitur</strong></span> <span class='ocrx_word' id='word_1_377' title='bbox 1268 2637 1453 2684; x_wconf 80' lang='lat' dir='ltr'><strong>Judaeos‚</strong></span> <span class='ocrx_word' id='word_1_378' title='bbox 1482 2644 1543 2682; x_wconf 84' lang='lat' dir='ltr'><strong>qui</strong></span> 
     </span>
     <span class='ocr_line' id='line_1_45' title="bbox 172 2666 1542 2728; baseline 0.012 -25"><span class='ocrx_word' id='word_1_379' title='bbox 172 2681 281 2714; x_wconf 80' lang='lat' dir='ltr'><strong>quum</strong></span> <span class='ocrx_word' id='word_1_380' title='bbox 297 2672 334 2704; x_wconf 86' lang='lat' dir='ltr'><strong>in</strong></span> <span class='ocrx_word' id='word_1_381' title='bbox 350 2666 449 2705; x_wconf 71' lang='lat' dir='ltr'><strong>tantzi</strong></span> <span class='ocrx_word' id='word_1_382' title='bbox 465 2674 594 2706; x_wconf 83' lang='lat' dir='ltr'><strong>mentis</strong></span> <span class='ocrx_word' id='word_1_383' title='bbox 616 2676 791 2708; x_wconf 80' lang='lat' dir='ltr'><strong>caecitate</strong></span> <span class='ocrx_word' id='word_1_384' title='bbox 806 2680 1019 2718; x_wconf 81' lang='lat' dir='ltr'><strong>versentur,</strong></span> <span class='ocrx_word' id='word_1_385' title='bbox 1051 2681 1090 2710; x_wconf 78' lang='lat' dir='ltr'><strong>ut</strong></span> <span class='ocrx_word' id='word_1_386' title='bbox 1114 2680 1241 2713; x_wconf 83' lang='lat' dir='ltr'><strong>Jesum</strong></span> <span class='ocrx_word' id='word_1_387' title='bbox 1256 2684 1425 2718; x_wconf 83' lang='lat' dir='ltr'><strong>Messiam</strong></span> <span class='ocrx_word' id='word_1_388' title='bbox 1446 2696 1542 2728; x_wconf 87' lang='lat' dir='ltr'><strong>esse,</strong></span> 
     </span>
     <span class='ocr_line' id='line_1_46' title="bbox 171 2719 1541 2771; baseline 0.013 -22"><span class='ocrx_word' id='word_1_389' title='bbox 171 2719 217 2750; x_wconf 82' lang='lat' dir='ltr'><strong>de</strong></span> <span class='ocrx_word' id='word_1_390' title='bbox 234 2726 302 2758; x_wconf 79' lang='lat' dir='ltr'><strong>quo</strong></span> <span class='ocrx_word' id='word_1_391' title='bbox 313 2719 436 2751; x_wconf 86' lang='lat' dir='ltr'><strong>Moses</strong></span> <span class='ocrx_word' id='word_1_392' title='bbox 454 2723 489 2751; x_wconf 90' lang='lat' dir='ltr'><strong>et</strong></span> <span class='ocrx_word' id='word_1_393' title='bbox 504 2720 704 2760; x_wconf 85' lang='lat' dir='ltr'><strong>Prophetae</strong></span> <span class='ocrx_word' id='word_1_394' title='bbox 724 2723 941 2766; x_wconf 80' lang='lat' dir='ltr'><strong>cecinerunt,</strong></span> <span class='ocrx_word' id='word_1_395' title='bbox 959 2732 1028 2757; x_wconf 86' lang='lat' dir='ltr'><strong>non</strong></span> <span class='ocrx_word' id='word_1_396' title='bbox 1045 2725 1253 2771; x_wconf 77' lang='lat' dir='ltr'><strong>intelligant,</strong></span> <span class='ocrx_word' id='word_1_397' title='bbox 1275 2731 1394 2763; x_wconf 86' lang='lat' dir='ltr'><strong>tamen</strong></span> <span class='ocrx_word' id='word_1_398' title='bbox 1405 2741 1472 2765; x_wconf 80' lang='lat' dir='ltr'><strong>vos</strong></span> <span class='ocrx_word' id='word_1_399' title='bbox 1493 2736 1541 2767; x_wconf 82' lang='lat' dir='ltr'><strong>ad</strong></span> 
     </span>
     <span class='ocr_line' id='line_1_47' title="bbox 169 2765 1540 2823; baseline 0.012 -27"><span class='ocrx_word' id='word_1_400' title='bbox 169 2765 294 2797; x_wconf 88' lang='lat' dir='ltr'><strong>tenuia</strong></span> <span class='ocrx_word' id='word_1_401' title='bbox 313 2773 400 2797; x_wconf 87' lang='lat' dir='ltr'><strong>mos.</strong></span> <span class='ocrx_word' id='word_1_402' title='bbox 422 2765 632 2806; x_wconf 75' lang='lat' dir='ltr'><strong>disciplinae</strong></span> <span class='ocrx_word' id='word_1_403' title='bbox 650 2767 826 2801; x_wconf 82' lang='lat' dir='ltr'><strong>elementa</strong></span> <span class='ocrx_word' id='word_1_404' title='bbox 838 2771 1012 2804; x_wconf 84' lang='lat' dir='ltr'><strong>reducere</strong></span> <span class='ocrx_word' id='word_1_405' title='bbox 1029 2773 1204 2808; x_wconf 80' lang='lat' dir='ltr'><strong>conantur</strong></span> <span class='ocrx_word' id='word_1_406' title='bbox 1222 2776 1278 2815; x_wconf 83' lang='lat' dir='ltr'><strong>(v.</strong></span> <span class='ocrx_word' id='word_1_407' title='bbox 1296 2776 1396 2811; x_wconf 84' lang='lat' dir='ltr'><strong>Rom.</strong></span> <span class='ocrx_word' id='word_1_408' title='bbox 1416 2782 1471 2823; x_wconf 86' lang='lat'><strong>16,</strong></span> <span class='ocrx_word' id='word_1_409' title='bbox 1486 2782 1540 2816; x_wconf 84' lang='lat'><strong>17.</strong></span> 
     </span>
     <span class='ocr_line' id='line_1_48' title="bbox 171 2809 961 2859; baseline 0.005 -13"><span class='ocrx_word' id='word_1_410' title='bbox 171 2810 252 2846; x_wconf 75' lang='lat' dir='ltr'><strong>Gal.</strong></span> <span class='ocrx_word' id='word_1_411' title='bbox 270 2809 303 2854; x_wconf 86' lang='lat'><strong>5,</strong></span> <span class='ocrx_word' id='word_1_412' title='bbox 322 2813 352 2846; x_wconf 87' lang='lat'><strong>1.</strong></span> <span class='ocrx_word' id='word_1_413' title='bbox 373 2820 426 2854; x_wconf 78' lang='lat' dir='ltr'><strong>sq.</strong></span> <span class='ocrx_word' id='word_1_414' title='bbox 442 2812 477 2859; x_wconf 82' lang='lat'><strong>4,</strong></span> <span class='ocrx_word' id='word_1_415' title='bbox 496 2815 528 2846; x_wconf 84' lang='lat'><strong>9.</strong></span> <span class='ocrx_word' id='word_1_416' title='bbox 568 2814 651 2848; x_wconf 84' lang='lat' dir='ltr'><strong>Act.</strong></span> <span class='ocrx_word' id='word_1_417' title='bbox 674 2815 730 2858; x_wconf 83' lang='lat'><strong>13,</strong></span> <span class='ocrx_word' id='word_1_418' title='bbox 748 2817 800 2852; x_wconf 87' lang='lat'><strong>17.</strong></span> <span class='ocrx_word' id='word_1_419' title='bbox 812 2825 863 2857; x_wconf 78' lang='lat' dir='ltr'><strong>sq.</strong></span> <span class='ocrx_word' id='word_1_420' title='bbox 884 2817 961 2856; x_wconf 69' lang='lat' dir='ltr'><strong>al).</strong></span> 
     </span>
    </p>
   </div>
  </div>
 </body>
</html>
