1752 3347
541 183 697 230 GAP.
728 183 768 229 Ι.
813 183 905 228 Vs.
932 182 1029 228 27..
1464 181 1521 224 79

51 301 96 340 ct
121 294 269 340 Wetst.
289 294 344 336 ad
363 294 475 348 h.1.]
497 293 851 348 vocabanturque
869 290 946 349 qui
963 304 1012 332 se
1029 302 1082 332 eo
1103 286 1356 359 polluerent
1372 287 1520 331 κίναι-

51 354 145 402 ὅοι,
175 349 480 410 ἀρσενοκοῖται
493 382 504 401 ,
545 348 881 405 καταπύγωνες,
923 349 1140 395 naamon,
1180 345 1375 398 cinaedi,
1414 360 1518 403 pae-

49 410 254 462 diconeS,
315 408 466 452 athici.
525 410 598 450 και
623 407 703 463 τήν
734 403 1021 459 ἀντιμισθίαν
1044 428 1099 435 -
1116 398 1520 457 ἀπολαμβάνοντες]

50 467 172 510 Haec
193 481 234 510 v.
253 424 454 524 parique
472 479 524 507 ex
545 465 769 506 ›licatores
788 465 851 518 (v.
867 476 905 505 c.
918 460 1078 515 Chrysa,
1101 460 1363 513 Theodoret„
1386 459 1432 501 Τ
1423 459 1520 502 heo-

48 524 162 579 phyl.
176 555 188 576 ‚
219 523 484 574 Justmian„
513 480 694 563 g'emler.
708 552 720 571 ,
749 520 916 573 Kopp„
945 518 1144 573 Boehm.)
1162 517 1207 559 in
1231 516 1344 559 hunc
1366 531 1424 561 m.
1446 531 1521 558 ex-

50 583 318 639 posuerunt:
348 583 390 620 et
407 592 534 633 (lecum
553 577 788 619 mercedem
806 576 958 617 delicto
987 589 1241 630 conmotam,
1283 588 1412 630 quccm
1437 588 1522 629 par

49 642 171 689 erat,
199 634 498 678 saierrort's
527 633 579 688 (i.
600 646 640 676 e.
660 631 878 673 idolorum
907 632 1075 686 cultus)
1102 631 1148 673 in
1179 635 1348 673 semet
1375 631 1521 685 ‘ipsis

46 692 460 749 persolverent,
499 703 632 744 quum
661 688 868 729 nimirum
900 692 1080 743 praeter
1106 693 1291 730 naturae
1321 687 1522 729 ordinem

45 751 277 804 legemque
314 759 458 789 mares
493 759 587 787 cum
621 744 816 786 maribus
845 745 1017 801 coirent
1042 749 1086 786 et
1110 743 1226 800 quod
1254 744 1521 799 ignominiae

47 808 169 847 esset
193 804 407 846 facerent.
471 801 754 845 Rectissime.
821 799 981 856 Neque
1005 801 1121 842 enim
1152 801 1390 857 quidquam
1421 801 1524 844 huic

46 859 402 919 interpretationi
424 859 570 902 obstat
591 863 635 901 et
654 861 759 900 sunt
781 871 892 914 quae
915 870 1009 898 eam
1039 871 1187 899 veram
1217 872 1316 899 esse
1343 859 1523 901 demon-

46 922 204 962 strent.
262 918 334 961 Ac
355 921 473 959 recte
503 917 692 968 cultum,
731 929 859 971 quem
889 913 1078 968 gentiles
1107 913 1213 955 Diis
1245 916 1414 958 fictitiis
1440 917 1525 958 tri-

50 976 254 1028 buerent,
293 989 442 1016 eorum
473 987 685 1025 errorem,
729 969 808 1028 τὴν
847 966 1061 1025 πλάνην
1089 966 1254 1020 αὐτῶν,
1302 974 1524 1030 appellari

47 1036 248 1091 apparet.
308 1031 424 1073 Nam
447 1045 543 1074 vero
563 1029 659 1071 Deo
681 1028 856 1071 deserto
876 1026 932 1069 ad
953 1027 1132 1069 numina
1153 1042 1201 1069 se
1227 1031 1523 1081 contulerant,

48 1104 160 1147 quae
180 1088 268 1146 ipsi
290 1087 512 1146 opinionis
533 1101 708 1139 errore,
739 1085 826 1127 sibi
852 1083 1088 1126 finxissent
1114 1085 1170 1127 cf.
1190 1099 1232 1129 V.
1252 1085 1343 1129 21..
1413 1086 1522 1129 le-

46 1150 178 1198 tucc„
209 1145 286 1201 qui
309 1151 358 1186 ut
377 1145 455 1199 τῆς
472 1141 643 1199 πλάνης
661 1158 753 1186 voc.
774 1143 844 1183 hic
864 1157 943 1183 suo
963 1142 1060 1183 loco
1086 1141 1281 1200 positum
1304 1142 1523 1195 ostendat,

47 1202 102 1245 ad
120 1202 280 1245 Ezech.
300 1202 371 1254 33,
384 1196 470 1253 m„
498 1201 574 1242 uhi
596 1200 731 1243 LXX
751 1199 876 1242 hebr.
897 1207 983 1250 3:112252,
1000 1198 1280 1255 defectionem
1300 1201 1379 1256 τῆς
1398 1197 1520 1241 πλά-

47 1274 122 1315 νης
136 1258 348 1302 vocabulo
370 1262 622 1309 verterunt,
651 1261 881 1315 provocat,
912 1255 1020 1297 mire
1041 1256 1162 1299 facit.
1226 1256 1386 1312 Neque
1406 1257 1520 1299 enim

48 1316 110 1358 ibi
129 1326 216 1370 nugs]
243 1314 521 1371 defectionem
547 1320 694 1368 notat,
733 1313 812 1355 sed
838 1317 1086 1368 peccatam,
1124 1312 1328 1356 delictum
1357 1316 1465 1370 (quo
1495 1329 1520 1355 a

45 1373 136 1416 Dei
169 1370 347 1427 legibus
383 1370 623 1428 deficitur).
694 1371 935 1414 Praeterea
977 1365 1002 1423 ἡ
1046 1364 1190 1424 πλάνη
1226 1384 1310 1411 non
1350 1376 1420 1412 est
1449 1386 1520 1412 re·-

45 1443 255 1488 percussa
276 1429 420 1484 imago
444 1428 569 1472 hebr.
596 1436 708 1484 vegs,
746 1426 824 1469 sed
855 1441 987 1483 quum
1019 1426 1099 1467 hoc
1129 1429 1209 1469 ,ςιιιῖ
1239 1427 1280 1468 ri
1307 1425 1520 1470 defectio-

46 1501 144 1529 nem
171 1485 391 1541 signifieet
422 1485 534 1526 illud
562 1483 874 1528 voc.'errorem
902 1482 1115 1527 declarat.
1178 1482 1347 1525 Veram
1373 1489 1520 1526 autem

44 1557 143 1585 esse
177 1556 307 1599 quam
343 1540 436 1582 dixi
464 1541 809 1592 enarrationem,
841 1539 960 1592 ,illud
985 1544 1245 1594 argumento
1272 1545 1364 1594 est,
1404 1541 1522 1598 quod

45 1598 99 1644 P.
124 1599 274 1643 verbis
306 1598 382 1640 καὶ
404 1596 483 1655 τὴν
509 1594 797 1651 ἀντιμισθίαν
815 1593 870 1628 s—
890 1591 1280 1649 άπολαμβάνοντες
1318 1596 1376 1639 ad
1401 1613 1520 1643 voco.

45 1672 85 1701 v.
104 1657 176 1701 26.
196 1654 270 1698 διὰ
287 1654 419 1697 τοῦτο
438 1679 495 1686 —-
513 1651 577 1704 εἷς
594 1650 725 1710 πάθη
744 1649 924 1706 ἀτιμίας
932 1683 943 1702 ,
976 1667 1162 1708 quorum
1183 1653 1399 1697 rationem
1419 1655 1521 1698 red-

44 1712 165 1756 didit
181 1727 224 1757 v.
243 1727 286 1756 V.
308 1712 381 1756 26.
402 1708 453 1753 αἶ’
466 1726 514 1754 τε
541 1708 625 1767 γὰρ
644 1737 699 1744 —-
715 1736 770 1742 ——-
789 1706 1158 1765 κατεργαζόμενοι
1186 1724 1226 1754 v.
1246 1711 1342 1764 27.,
1370 1726 1520 1755 rever-

45 1771 157 1813 titur
189 1773 250 1824 [v.
274 1769 346 1813 26.
376 1768 448 1811 ob
477 1768 748 1811 idolorum
777 1767 1193 1810 venerationem
1228 1768 1415 1822 tradidit
1451 1785 1521 1812 eos

45 1827 167 1870 Deus
188 1825 571 1883 iynominiosis
599 1823 1143 1880 perturbationibus.
1198 1824 1319 1866 Nam
1338 1830 1432 1868 tum
1450 1842 1519 1869 eo·-

43 1897 141 1927 rum
158 1882 350 1942 feminae
370 1882 666 1937 turpissimum
684 1881 873 1924 libidinis
898 1894 1030 1936 yemis
1060 1886 1371 1935 exerc-uernum
1398 1884 1519 1926 simi-

44 1940 147 1984 liter
165 1954 261 1984 vero
279 1939 414 1982 etiam
435 1953 578 1982 mares
598 1963 654 1970 —-
674 1942 938 1982 exarseremt
961 1964 1010 1970 —
1032 1938 1132 1980 inse
1146 1938 1339 1992 invicem,
1361 1953 1519 1996 quum

45 2011 189 2040 mares
234 2011 330 2040 cum
367 1996 560 2039 maribus
598 1995 815 2039 coirent
851 1999 903 2038 et
931 1994 1291 2037 idololatriae
1321 2009 1519 2051 poenum,

43 2068 173 2111 quam
201 2056 304 2112 (pro
329 2052 420 2095 Dei
443 2053 694 2105 voluntate3
736 2053 793 2096 cf.
823 2066 864 2096 v.
894 2051 966 2095 26.
994 2050 1070 2091 διὰ
1097 2052 1229 2093 τοῦτο
1247 2076 1299 2082 -—
1318 2048 1522 2107 ἀτιμίας)

44 2109 278 2165 debebant,
307 2110 353 2152 in
381 2113 516 2152 semet
544 2109 650 2165 ipsis
678 2110 959 2165 acciperent}
1018 2106 1306 2158 Manifestum
1336 2114 1405 2151 est
1435 2110 1519 2164 igi-

45 2170 144 2220 tur,
168 2166 248 2224 τῆν
265 2163 553 2219 ἀντιμισθίαν
573 2166 619 2207 in
636 2167 730 2217 τοῖς
752 2165 924 2207 πάθεσι
944 2165 1024 2220 τῆς
1044 2161 1225 2219 ἀτιμίας
1244 2165 1388 2218 cerni,
1419 2167 1519 2223 qui-

46 2221 130 2264 hus
146 2222 275 2266 Deus
294 2222 515 2267 idolorum
533 2223 697 2265 cultum
725 2222 1041 2264 ulscisceretur
1071 2236 1112 2264 v.
1137 2223 1208 2265 26.
1240 2221 1284 2265 h.
1315 2236 1355 2266 e.
1386 2221 1431 2264 ἐν
1455 2225 1518 2280 τῷ

47 2276 319 2344 ἒκκαιξΙθῆναι
340 2278 445 2330 τούς
473 2275 659 2336 ἄρσενας
689 2276 754 2329 εἷς
783 2275 1002 2336 ἀλλήλους
1028 2279 1102 2320 καὶ
1129 2276 1232 2328 τοὺς
1258 2271 1444 2334 ἄρσενας
1472 2279 1517 2323 ἐν

46 2336 141 2385 τοῖς
161 2349 318 2390 αρσεσι
334 2334 412 2393 τὴν
432 2333 739 2393 ἀσχημοσύνην
758 2332 1150 2392 κατεργάσασθαι,
1190 2335 1235 2376 ἰη
1264 2335 1361 2392 ipso
1375 2367 1388 2388 ,
1429 2350 1516 2393 quo

47 2404 97 2434 se
137 2392 509 2446 contaminarent,
546 2393 626 2449 τῆς
654 2389 979 2449 παιδεραστίας
1006 2391 1193 2446 flagitio,
1267 2393 1351 2434 Est
1375 2392 1515 2448 igitur

44 2461 164 2493 voce.
187 2449 262 2491 καὶ
280 2447 359 2505 τὴν
387 2447 675 2502 ἀντιμισθίαν
695 2475 750 2481 -
767 2445 1157 2502 ἀπολαμβάνοντες
1186 2448 1293 2491 haec
1319 2448 1408 2493 vis:
1437 2453 1515 2493 καὶ

45 2501 158 2562 αὕτη
179 2502 296 2548 ἐστὶν
315 2502 342 2560 ἡ
360 2501 624 2558 ἇντιμισθία
640 2507 719 2562 τῆς
737 2503 909 2561 πλάνης
935 2501 1098 2553 αὐτῶν,
1130 2498 1201 2560 ἢν,
1236 2501 1296 2556 ὡς
1323 2502 1433 2555 ἔδει,
1465 2504 1513 2549 ἐν
1550 2557 1553 2561 .

47 2556 222 2612 ἑαυτοῖς
239 2559 496 2615 ἀπέλαβον.,
528 2566 819 2618 erraruntque
839 2561 916 2618 qui
934 2560 1221 2615 incommoda,
1244 2576 1356 2619 quae
1377 2563 1514 2621 epor-

45 2618 222 2661 tentosa
243 2617 430 2660 libidine
455 2617 649 2661 cinaedis
677 2622 988 2671 nascerentur,
1024 2632 1067 2661 v.
1094 2632 1130 2662 e.
1160 2620 1359 2677 corporis
1388 2621 1514 2664 infir-

46 2675 265 2729 mitatem,
294 2675 597 2728 sterilitatem,
625 2675 784 2717 mentis
803 2675 998 2729 vigorem
1021 2674 1309 2731 imminutum,
1334 2674 1413 2733 τὴν
1434 2677 1512 2719 ἀν-

45 2732 282 2786 τιμισθίαν
299 2731 386 2775 dici
406 2731 574 2790 opinati
591 2735 694 2773 sunt
712 2731 790 2774 Ch.
816 2732 891 2775 Fr.
917 2731 1114 2784 Schmid,
1142 2733 1194 2775 de
1218 2733 1404 2777 Ammon
1434 2736 1508 2777 al..

45 2785 185 2848 Pejus
202 2789 334 2832 etiam
352 2789 511 2832 Heum.
528 2786 607 2844 τὴν
625 2785 912 2840 ἀντιμισθίαν
926 2788 974 2829 in
994 2802 1045 2830 eo
1070 2789 1184 2832 verti
1212 2795 1360 2849 putat,
1391 2790 1508 2847 quod

48 2846 236 2900 gentiles
255 2846 300 2889 in
318 2859 530 2890 summum
552 2846 773 2904 stuporem
790 2848 835 2887 et
861 2849 1005 2887 taetra
1034 2846 1173 2890 omnis
1203 2848 1377 2904 generis
1403 2848 1510 2889 faci-
