1752 3347
572 158 729 208 GAP.
761 161 824 208 v,
865 159 960 207 Vs.
989 162 1088 208 ιο..
1477 162 1583 222 277,

99 266 250 312 Anah.
277 268 314 319 1,
333 269 375 320 6,
394 268 435 312 1.
456 278 528 324 eq.
578 262 791 326 Ὀρόντης
819 267 870 311 δὲ
897 293 952 302 —-
980 266 1264 323 ἐπιβουλεύει
1290 268 1430 326 Κύρῳ
1485 270 1561 311 καὶ

97 320 305 382 πρόσθεν
341 323 617 383 πολεμήσας.
682 324 990 382 Καταλλαγεὶς
1019 325 1070 381 δὲ
1089 317 1396 384 ,οὗτοςΚύρῳ
1423 298 1560 378 ελπεν,

186 487 316 564 junge,
349 486 450 532 quod
474 493 608 523 veteres
633 488 871 523 Grammatici
899 486 1133 525 διαλλάσσειν
1160 495 1195 524 et
1219 485 1483 524 καταλλάσσειν
1511 485 1563 521 εἰ-

186 533 247 578 gni
277 537 358 565 catu
385 544 460 567 non
486 534 712 567 discernunt.
769 533 899 568 Pollux
928 536 1025 569 enim
1049 536 1077 582 l,
1095 535 1173 571 153.
1200 532 1468 579 διηλλάγησαν,
1491 546 1561 567 κα-

184 573 418 622 τηλλάγησαν
445 585 480 611 et
504 577 782 623 συνηλλάγησαν
808 586 845 612 ut
876 593 907 614 v.
927 580 1023 615 idem
1050 581 1199 615 valentia
1225 579 1449 624 composuit;
1473 578 1559 612 item

186 621 437 658 Phavorinus:
459 621 721 659 καταλλάττειν
748 624 812 659 καὶ
836 623 1064 661 διαλλάττειν
1088 626 1129 661 τὸ
1162 625 1213 667 εἰς
1237 626 1365 670 φιλίαν
1387 621 1563 669 συνάγειν

185 665 301 707 τινοῖς.
348 668 406 701 De
423 667 563 702 Tho‘ma
583 669 683 715 Mag.
706 670 797 716 infra
828 669 981 706 dicetur.
1028 671 1145 706 Porro
1174 672 1382 707 scholiastae
1409 671 1562 704 verbum

184 711 452 750 καταλλάσσειν
469 714 648 760 explicant
666 717 774 750 verbo
792 713 1024 751 διαλλάσσειν
1053 718 1115 762 [cf.
1132 719 1245 753 schol.
1265 716 1431 762 Thucyd.
1450 716 1484 757 4,
1504 714 1562 749 59.

186 766 222 794 et
248 761 295 794 So
323 759 356 794 h.
378 760 440 803 Aj.
469 773 506 796 v.
527 760 625 805 743.]
659 768 695 795 et
721 761 873 796 vicissim
900 761 1133 799 διαλλάσσειν
1160 765 1270 798 verbo
1297 759 1564 798 καταλλάσσειν

188 807 237 847 [v.
263 819 300 841 sc
327 806 376 840 ol.
393 804 561 841 Philostr.
582 805 669 842 Her.
698 807 741 841 ad
769 820 802 852 p.
819 807 899 842 214.
927 809 984 843 ed.
1003 809 1208 853 Brisson.).
1261 809 1356 843 Tum
1384 804 1565 844 διαλλᾶστ

188 864 267 887 σειν
287 859 321 886 et
346 849 612 888 καταλλάσσων
635 866 654 887 a
673 853 851 888 veteribus
872 855 1109 900 scriptoribus
1133 855 1338 900 promiscue
1361 859 1562 900 ponuntur.

183 897 360 932 Herodot.
380 899 416 942 6,
438 899 514 933 108.
535 897 808 945 παρατυχόντες
833 899 874 936 δὲ
902 900 1111 945 [Corinthii]
1144 902 1206 936 καὶ
1229 898 1435 936 καταλλοὶ
1449 900 1565 941 ξαν--Ι

184 957 260 984 τες
281 943 489 986 [Thebanos
519 952 554 980 et
573 947 816 987 Plataeenses;
848 959 958 992 quare
985 960 1005 981 e
1025 947 1238 981 Tittmanm‘
1262 947 1400 981 ratione
1422 946 1561 981 διαλ-

183 988 419 1032 λάξαντες
448 991 679 1026 scribendum
706 991 848 1036 fuisset]
878 990 1150 1041 ἐπιτρεψάντων
1172 989 1385 1038 ἆμφοτέρων
1411 989 1564 1039 οὔρισαν

183 1037 252 1081 τὴν
265 1033 388 1084 χώραν
407 1039 469 1073 ἐπὶ
488 1038 627 1078 τοῖςδεῑ
672 1037 784 1072 Diod.
807 1037 879 1074 Sic.
898 1040 960 1083 22,
981 1042 1036 1074 11.
1064 1041 1125 1075 καὶ
1141 1039 1204 1075 τὸν
1221 1040 1287 1085 μὲν
1309 1039 1472 1076 Θυνίωνα
1498 1039 1563 1075 καὶ

182 1084 441 1131 Σωσίστρατον
458 1085 521 1120 καὶ
538 1084 625 1126 τοὺς
646 1084 899 1130 Συρακοσίους
921 1099 1006 1122 κατ
1020 1084 1135 1130 ήλλα
1147 1088 1167 1126 ξ
1179 1100 1194 1121 ε
1218 1088 1281 1122 καὶ
1308 1086 1359 1127 εἰς
1386 1083 1565 1131 ὁμόνοιαν

184 1129 326 1177 ἤγαγεν
350 1152 419 1164 -.
474 1129 612 1165 Contra
638 1130 735 1184 idem
762 1132 828 1174 11,
856 1131 914 1166 79.
939 1130 1089 1177 νικήσας
1119 1132 1159 1168 δὲ
1192 1132 1442 1176 [Nicomedes]
1476 1131 1565 1173 τοὺς

186 1179 326 1218 Φωκεῖς
342 1177 404 1210 καὶ
421 1173 487 1218 τὰς
504 1173 633 1217 πόλεις
651 1175 969 1221 ανακτησοὶμενος,
990 1177 1078 1220 τούς
1103 1192 1143 1215 τε
1162 1180 1314 1226 Δωριεῖς
1344 1179 1406 1213 καὶ
1428 1180 1566 1219 Φωκεῖς

183 1220 460 1268 διήλλαξεν.
515 1222 672 1268 Dionys.
701 1222 781 1259 Hal.
806 1224 854 1258 A.
872 1223 917 1258 R.
939 1225 983 1268 9,
1008 1227 1067 1264 27,
1126 1225 1340 1258 Menenium
1367 1223 1564 1271 Agrippam

184 1270 328 1316 plebem
348 1281 537 1303 romanam
565 1267 760 1314 [nobilitati
784 1267 928 1314 iratam]
955 1271 1040 1307 dicit
1064 1269 1328 1311 διαλλάξαι
1358 1272 1451 1316 [non
1478 1284 1564 1305 κα-

183 1313 395 1357 ταλλάξαι]
418 1314 512 1360 πρὸς
539 1313 626 1355 τοὺς
645 1315 871 1360 πατρικίους.
916 1317 1066 1364 JosePh.
1087 1319 1132 1353 Α.
1154 1318 1182 1354 Ι.
1203 1319 1255 1358 16,
1272 1319 1305 1356 4,
1322 1318 1356 1351 4.
1398 1314 1566 1363 “Ηρώδην

183 1361 225 1398 δὲ
252 1357 454 1406 παρεκάλει
477 1361 638 1403 (Caesar)
663 1362 789 1396 πᾶσαν
816 1358 998 1397 ὑπόνοιαν
1029 1361 1214 1409 ἀφελόντα
1246 1359 1565 1398 διαλλάττεσθαι

119 1417 126 1424 “
181 1410 264 1449 τοῖς
291 1407 430 1443 παισίν.
485 1406 534 1441 At
560 1413 661 1452 pater
690 1407 771 1440 filiis
799 1409 1049 1449 succensebat,
1079 1422 1153 1444 non
1185 1409 1249 1442 filii
1275 1407 1381 1454 patri.
1447 1409 1566 1443 Nocet

184 1454 292 1489 etiam
311 1454 524 1488 Tittmanm'
535 1453 730 1486 sententiae
750 1452 918 1496 ThucycL
938 1453 971 1496 4,
992 1455 1050 1492 59,
1075 1474 1121 1481 —
1147 1456 1209 1490 καὶ
1235 1455 1302 1489 νῦν
1327 1453 1420 1497 πρὸς
1448 1450 1568 1497 ἀλλή-

182 1501 271 1540 λους
288 1521 334 1528 —-
351 1497 571 1545 πειρώμεθα
593 1497 871 1542 καταλλαγῇ
884 1511 958 1534 ναι
983 1500 1042 1542 (cl.
1056 1500 1206 1535 Aristot.
1228 1500 1318 1534 Oec.
1342 1500 1388 1545 11,
1408 1512 1445 1545 p.
1462 1500 1564 1535 1348.

182 1546 303 1581 Bekk.
319 1540 440 1590 λαβών
469 1543 510 1579 δὲ
539 1540 624 1588 παρ’
644 1537 867 1588 ἀμφοτέρων
889 1544 1118 1585 [Aristoteles
1136 1545 1314 1589 Rhodius]
1341 1544 1566 1588 κατήλλαξεν

183 1589 319 1631 αὐτοὺς
334 1590 427 1637 πρὸς
444 1586 675 1633 ἅλλήλους.),
698 1600 805 1634 quem
822 1587 1116 1625 l.fT1’ttmannus
1139 1597 1262 1636 argute
1290 1590 1334 1623 ad
1362 1604 1462 1625 suam
1489 1593 1566 1637 opi.

178 1638 392 1673 nionemsic
409 1634 715 1676 accommodavit,
738 1641 779 1668 ut
798 1632 918 1679 πρὸς
939 1630 1177 1679 ἀλλήλους
1202 1636 1566 1683 καταλλαγῆναι

180 1685 278 1719 idem
308 1695 404 1729 esse,
435 1681 535 1729 quod
561 1681 678 1715 solum
715 1679 1038 1726 διαλλαγῆναι
1068 1682 1314 1716 contenderet.
1369 1684 1420 1717 At
1447 1696 1562 1729 quum

185 1729 268 1765 satis
286 1730 474 1776 perspicue
502 1726 574 1761 diei
600 1725 775 1772 potuisset
800 1725 1018 1773 πειρώμεθα
1046 1727 1321 1773 καταλλαγῆναι
1350 1729 1415 1765 mit
1440 1731 1565 1767 moueri

181 1785 238 1813 un
251 1780 268 1811 ὃ
297 1786 317 1811 α
329 1780 439 1820 ussgu
451 1773 555 1819 sb'bn
569 1783 616 1809 en
640 1772 833 1817 betsufflen,
858 1774 997 1819 majore
1015 1773 1267 1820 perspicuitate
1286 1772 1441 1809 adhibita
1459 1775 1564 1809 Thu.-

181 1820 328 1866 cydides
357 1820 500 1867 scripsit
528 1817 649 1866 πρὸς
681 1815 922 1862 ἀλλήλους
946 1817 1168 1866 πειρώμεθα
1197 1820 1471 1866 καταλλαγῆναι
1498 1824 1563 1859 tuit:

182 1869 305 1904 mosten
333 1872 400 1903 uns
425 1868 510 1903 mit
537 1866 750 1901 etnanbet
775 1866 1005 1910 aussgufb'bnen
1033 1867 1215 1910 vetsurben.
1262 1865 1449 1901 Praeterea
1473 1864 1561 1902 ἅδι-

180 1910 361 1952 ἄλλακτος
382 1920 416 1946 et
437 1908 712 1949 ἇκατᾶλλακτος
735 1911 863 1944 eodem
890 1910 1091 1955 significatu
1119 1912 1284 1955 usurpari
1304 1912 1560 1947 ,Hemsterhu-

179 1960 256 1992 sius
274 1957 318 1992 ad
335 1958 514 1991 Thomam
533 1956 589 1990 M.
609 1969 645 2002 p.
664 1955 743 1989 236.
761 1956 816 1991 ed.
837 1957 1026 1990 Bernard.
1046 1956 1182 1990 docuit.
1233 1955 1400 1991 Ceterum
1418 1959 1559 2004 Tium„

181 2003 518 2048 ut'praejudicatam
546 2002 754 2046 opinionem
781 2007 962 2046 tueretur,
988 2014 1089 2036 nunc
1117 2002 1227 2035 levius
1256 2015 1362 2047 quam
1390 2003 1560 2038 conside-

179 2050 312 2089 ratius,
337 2060 437 2082 nunc
454 2047 613 2093 argutius
631 2059 739 2093 quam
759 2046 925 2081 subtilius
949 2047 1156 2092 disputavit;
1179 2047 1278 2083 velut
1296 2048 1425 2083 Matth.
1445 2049 1477 2089 5,
1498 2049 1559 2085 24.

182 2094 329 2140 πρῶτον
355 2091 584 2138 διαλλάγηθι
604 2095 656 2138 τῷ
685 2088 831 2140 ἀδελφῷ
848 2105 893 2128 os
924 2092 1028 2140 „hoc
1054 2093 1211 2138 primum
1230 2106 1311 2139 age,
1335 2101 1374 2127 ut
1401 2095 1558 2129 invicem

184 2143 225 2175 ιή
245 2141 412 2184 gratiam
427 2138 623 2173 redeatis.'’
649 2137 838 2184 explicuit,
863 2151 976 2184 quum
1000 2139 1089 2183 „fac
1105 2145 1144 2172 ut
1170 2139 1230 2184 qui
1255 2140 1318 2173 tibi
1349 2147 1558 2175 succenseat

163 2192 303 2221 ·tecum
328 2186 367 2219 in
398 2186 553 2231 gratiam·
575 2183 730 2219 redeat''
762 2185 1015 2230 exponendum
1044 2197 1120 2218 esse
1148 2197 1183 2221 v.
1209 2185 1267 2220 23.
1293 2186 1475 2234 ostendat,
1520 2193 1557 2221 et

179 2231 365 2277 Aristoph.
392 2233 456 2266 Av.
483 2244 514 2266 v.
538 2231 639 2266 1588.
665 2229 724 2264 ed.
746 2229 861 2265 Dind.
889 2232 974 2275 περὶ
1000 2231 1179 2276 πολέμοιο
1203 2233 1432 2278 καταλλαγῆς
1465 2233 1503 2276 (i.
1523 2245 1555 2268 e.

181 2280 230 2312 de
246 2279 334 2311 belli
345 2277 626 2321 compositione,
651 2278 699 2310 de
715 2277 812 2310 bello
837 2281 1107 2321 componendo,
1133 2278 1219 2310 nihil
1251 2278 1362 2317 aliud)
1386 2278 1433 2312 ita
1457 2285 1556 2313 recte

180 2324 358 2369 scriptum
396 2335 472 2357 esse
510 2321 712 2369 perhibuit,
758 2327 800 2355 ut
838 2325 923 2369 περὶ
942 2324 1142 2368 ’πολέμοιο
1184 2323 1451 2368 διαλλαγῶν
1489 2324 1553 2367 (cf.

181 2383 215 2404 v.
237 2367 340 2404 1532.
358 2376 394 2404 et
413 2369 528 2412 1577.)
561 2381 608 2403 ne
631 2367 792 2414 potuisse
815 2369 961 2414 quidem
991 2369 1104 2404 scribi
1135 2368 1269 2403 diceret
1302 2371 1368 2410 [At
1392 2383 1421 2404 v.
1438 2370 1552 2403 Hem-

180 2415 344 2450 sternas.
363 2415 386 2450 l.
402 2419 455 2457 c.]
500 2414 592 2448 Nam
613 2412 773 2458 πόλεμος
792 2415 975 2450 collective
994 2415 1143 2461 cogitari
1162 2421 1333 2460 tanquam
1357 2427 1466 2450 unam
1495 2416 1552 2450 di-

179 2460 392 2495 micantium
408 2459 631 2496 inimicitiam
650 2459 852 2497 affirmavit.
877 2462 928 2495 lta
947 2461 1119 2495 nimirum
1137 2460 1401 2497 καταλλάσσειν
1416 2461 1552 2507 ubique

180 2519 249 2553 pro
269 2503 500 2542 διαλλάσσειν
518 2505 604 2552 poni
622 2506 815 2552 potuisset,
841 2507 920 2552 quia
940 2507 1016 2552 pari
1034 2507 1114 2554 jure
1134 2520 1259 2542 omnes
1283 2508 1376 2542 inter
1399 2521 1437 2543 se
1459 2513 1550 2542 'eon-

178 2552 394 2587 certantium
412 2552 502 2587 rixas
521 2564 630 2586 unam
649 2552 698 2585 in'
742 2551 877 2586 icitiam
903 2560 1024 2587 mente
1051 2554 1283 2598 conciperes,
1306 2550 1375 2600 qua
1402 2553 1550 2599 deposi-

178 2595 214 2633 15
237 2597 378 2631 inimici
419 2597 640 2632 reconciliati
672 2564 955 2644 (διῃαλλαγὲντες)
983 2599 1280 2645 conquiescerent
1307 2607 1341 2634 et
1367 2599 1549 2634 discordia

179 2648 332 2678 cessaret
353 2646 403 2687 (v.
424 2643 584 2686 Tium).
633 2642 736 2686 Quae
754 2657 863 2688 quum
887 2644 933 2677 ita
950 2644 1044 2688 sint,
1069 2645 1278 2691 praeverbia
1305 2643 1365 2680 διά
1393 2652 1428 2679 et
1454 2641 1549 2680 κατά

179 2689 375 2723 discrimen
397 2689 575 2733 ejusmodi
593 2689 739 2734 gignere
757 2701 905 2732 censeO,
931 2691 1028 2733 quod
1050 2703 1080 2725 v.
1101 2689 1332 2728 διαλλάσσειν
1356 2697 1390 2726 et
1408 2692 1546 2727 καταλ-

179 2731 329 2770 aduam
346 2734 580 2779 significatum
602 2747 679 2768 non
703 2735 864 2780 attingat.
914 2734 1116 2781 Utramque
1142 2739 1444 2784 praepositionem
1473 2749 1546 2770 ver-

176 2781 313 2816 borum
331 2780 549 2826 simplicium
568 2778 639 2812 vim
676 2780 806 2825 passim
825 2793 955 2825 augere
979 2788 1119 2817 constat
1158 2784 1224 2828 (cf.
1250 2797 1283 2822 v,
1305 2798 1338 2820 c.
1357 2780 1547 2829 διατιμάω.

178 2826 443 2875 διακερτομέω,
487 2823 727 2869 κατακόπτω,
760 2827 1000 2873 κατατέμνω).
1067 2827 1175 2868 Unde
1207 2827 1439 2868 διαλλάσσω
1466 2825 1546 2865 τινά
