1752 3347
593 185 749 230 CAP.
797 185 831 228 Ι.
879 185 971 229 Vs.
1003 188 1043 229 7.
1494 185 1542 224 21

80 290 313 345 gentillum
333 290 422 333 vita
439 289 894 334 cumChristianorum
916 292 1109 334 moribus
1125 294 1373 347 comparata
1389 303 1545 346 spurca
1584 334 1586 338 Δ

82 362 188 390 sane
206 354 324 390 esset
344 353 388 389 et
406 347 619 405 improba.
677 347 913 391 Praeterea
933 365 986 391 ex
1005 349 1082 402 iis,
1111 361 1220 405 quae
1242 360 1374 403 supra
1393 346 1544 387 attuli-

81 419 176 446 mus
197 405 278 446 hoc
304 406 470 458 elucet,
507 420 581 445 eos
611 405 874 462 interpretes
901 407 986 448 vim
1016 403 1325 463 appellationis
1354 399 1396 444 οὶ
1426 399 1547 456 ἅγιοι

81 475 167 503 non
185 461 443 514 exhaurire,
474 462 547 517 qui
570 462 829 519 simpliciter
854 469 1052 506 vertunt:
1088 462 1272 503 homines
1298 459 1543 503 Christiani.

81 517 197 559 [Nam
218 524 266 560 ut
287 533 436 560 omnes
453 520 689 573 promiscue
709 519 952 561 Christiani
977 524 1055 561 τῶν
1073 513 1206 573 ἁγίων
1226 516 1398 558 nomine
1419 515 1462 556 in
1483 513 1542 558 N.

81 574 139 618 T.
162 580 373 616 ornentur
388 576 479 616 sine
499 574 589 615 nlla
609 575 799 629 envplaease'
820 580 876 630 [v.
899 592 935 619 c.
958 577 1062 619 Act.
1083 577 1123 627 ἔ),
1135 575 1205 617 32.
1225 575 1298 617 41.
1323 572 1485 629 Ephes.
1502 572 1543 624 2,

80 633 149 674 19.
171 629 288 674 Phil.
313 634 349 683 l,
366 634 402 673 l.
422 630 518 672 Col.
545 631 801 683 1,2‚]‚nliud
823 638 963 674 tainen
982 633 1049 673 illi
1074 633 1187 674 inest
1207 631 1396 682 nomini,
1417 642 1543 685 quam

78 687 429 731 Christianorum
448 686 596 728 titulo.
654 686 934 729 Christianus
955 694 1022 729 est
1040 689 1153 730 enim
1176 688 1250 744 qui
1272 687 1448 730 Christo
1468 700 1544 726 no-
1587 697 1589 699 ’

77 758 172 786 men
192 742 314 784 dedit
333 742 515 802 ejusque
535 756 658 783 saera
680 745 907 800 amplexus
936 750 1026 797 est,
1063 742 1187 798 ἅγιος
1211 749 1360 786 contra
1389 749 1433 785 et
1452 743 1545 784 Deo

76 804 367 853 consecratus,
414 799 454 841 is
483 797 666 851 dicitur,
715 800 783 841 cui
814 806 1009 842 mutuum
1042 800 1275 842 intercedit
1302 806 1345 843 et
1375 804 1541 841 arctum

75 871 173 898 cum
191 855 292 898 Deo
309 856 545 899 vinculum.
602 854 807 898 Ceterum
838 872 862 899 a
887 857 1037 908 Beza,
1078 856 1298 910 Boehmz'o,
1339 855 1542 911 Knappio

74 913 315 972 paucisque
333 913 437 954 aliis
459 911 642 970 pulchre
669 919 946 970 perspectum
972 919 1064 965 est,
1101 912 1248 954 verbis
1280 914 1391 955 πᾶσι,
1417 937 1541 943 —-—

78 965 226 1025 ἆγίοις
245 969 506 1012 sententiam
530 983 571 1012 va
593 971 633 1012 1.
664 971 847 1021 Παῦλος
877 976 960 1014 etc.
990 969 1234 1011 inchoatam
1262 970 1380 1010 finiri
1405 969 1542 1024 (Pau-

73 1027 142 1069 lus
171 1052 227 1058 ——
246 1051 297 1057 ——
320 1052 375 1057 —
397 1026 621 1082 epistolam
646 1026 814 1068 dedicat
843 1027 1009 1070 dilectis
1029 1028 1144 1078 Deo,
1181 1027 1266 1068 div.
1296 1025 1542 1068 incitatione

74 1083 170 1126 Deo
195 1083 358 1136 sacris,
394 1087 591 1139 quotquot
613 1088 711 1125 sunt
741 1083 942 1139 Romae.)
979 1097 1218 1139 novamque
1246 1082 1439 1138 incipere
1466 1096 1541 1137 pc-

73 1137 246 1182 riodum
265 1153 289 1180 a
307 1138 455 1181 verbis
472 1138 601 1193 χάρις
619 1134 679 1191 ῦμ
692 1143 740 1181 ῖν
762 1156 795 1180 κ.
810 1156 844 1181 τ.
861 1141 1020 1182 2,.11οηει
1039 1144 1138 1183 vota
1155 1138 1482 1181 continentibus
1500 1142 1544 1180 et

75 1195 237 1252 quibus
257 1193 308 1239 P.
329 1196 517 1237 lectores
538 1196 808 1252 alloquatur.
864 1196 1028 1240 Contra
1046 1197 1248 1255 plerique
1276 1196 1543 1252 interpretes

73 1257 178 1352 gost
200 1252 502 1295 Theodoretum-
521 1267 545 1292 a
563 1267 627 1295 vs.
651 1254 690 1294 l.
712 1267 851 1309 usquc
873 1253 929 1295 ad
948 1255 1077 1296 finem
1097 1269 1163 1298 vs,
1182 1255 1224 1297 7.
1248 1267 1377 1295 unam
1394 1250 1541 1308 perio-

106 1324 177 1351 um
197 1309 419 1351 continere
438 1308 523 1350 sihi
542 1313 882 1366 persuaserunt:
902 1311 1085 1360 Παῦλος
1106 1336 1155 1342 -
1175 1335 1231 1342 —-
1248 1335 1303 1341 -—
1322 1309 1434 1350 πᾶσι
1452 1310 1545 1355 τοῖς

77 1360 203 1409 οὖσιν
225 1360 424 1423 ἕνῬώμῃ
442 1361 686 1420 ἀγαπητοῖς
702 1368 837 1415 θεοῦ,
870 1367 1047 1423 κλητοῖς
1064 1365 1207 1422 ἁγίοις
1223 1364 1351 1421 χάρις
1373 1360 1472 1416 ὑμῖν
1491 1389 1541 1395 -

77 1447 146 1466 --.
207 1422 369 1464 Paulus
394 1447 446 1452 —-
474 1447 527 1452 --
557 1422 748 1464 omnibus
784 1423 855 1478 qui
878 1423 1041 1465 Romae
1067 1428 1292 1466 versantur
1318 1422 1411 1463 Deo
1438 1419 1542 1462 dile-

74 1479 157 1522 ctis
176 1503 228 1508 ——
245 1476 441 1534 favorem
458 1482 499 1519 et
515 1476 773 1533 felicitatem
791 1480 920 1521 aDeo
940 1505 993 1510 —-
1009 1505 1064 1511 -—
1078 1484 1298 1534 precatur.
1355 1475 1541 1519 Eodem-

74 1549 159 1592 que
175 1533 304 1576 modo
323 1538 568 1575 ceterarum
585 1532 719 1575 Pauli
738 1534 1024 1591 epistolarum
1047 1535 1357 1592 inscriptiones
1384 1531 1543 1575 enoda-

73 1596 202 1644 runt,
238 1604 318 1633 seu
346 1589 664 1632 conturbarunt
699 1580 864 1648 potitis.
939 1591 1121 1633 Scilicet
1152 1591 1433 1634 vehementer
1466 1603 1542 1631 eos

71 1647 324 1708 peccavisse
342 1647 439 1705 ipsa
459 1647 692 1689 verborum
710 1647 967 1706 compositio
987 1647 1127 1691 docet.
1185 1647 1312 1689 Hanc
1331 1646 1445 1688 enim
1471 1659 1544 1686 eo-

74 1720 172 1748 rum
190 1704 423 1747 eonsilium
445 1703 754 1746 vocabulorum
771 1704 1021 1762 juncturam
1048 1705 1262 1762 requirit:
1290 1704 1471 1752 Παῦλος
1488 1727 1543 1733 -

76 1787 130 1794 --
158 1787 215 1794 —-
243 1762 356 1803 πᾶσι
384 1762 478 1810 τοῖς
508 1757 632 1803 οὖσιν
666 1759 710 1802 ἐν
734 1760 876 1819 Ῥώμῃ
907 1760 1151 1818 ἀγαπητοῖς
1180 1761 1316 1808 θεοῦ,
1366 1759 1542 1814 κλητοῖς

75 1815 220 1874 ἁγίοις
242 1813 405 1873 χάριν
439 1818 531 1859 καὶ
565 1814 788 1874 εἰρήνην
821 1819 936 1872 [scil.
970 1812 1161 1873 εἷἰχεται]
1191 1813 1281 1859 ἀπὸ
1308 1816 1421 1858 θεοῦ
1447 1830 1540 1856 πα-

76 1872 182 1930 τρός
199 1892 236 1916 κ.
254 1890 290 1915 τ.
312 1875 366 1915 λ..
424 1873 595 1916 Verum
613 1874 742 1928 χάρις
769 1878 842 1918 καί
869 1872 1020 1931 εἰρήνη
1038 1874 1306 1918 Nominativi
1331 1877 1375 1914 et
1403 1872 1540 1914 inter-

70 1930 236 1991 jectum
255 1929 503 1973 Pronomen
521 1926 620 1984 ὑμῖν
638 1931 835 2000 quemvis
852 1931 1009 1974 docere
1029 1931 1189 1974 debent
1201 1963 1213 1983 ,
1246 1929 1394 1972 verbis
1410 1928 1542 1968 Παῦ-

77 1990 155 2039 λος
169 2014 226 2021 --
245 2012 295 2020 -
315 2013 372 2020 —-
390 1987 566 2043 κλητοῖς
582 2003 724 2041 αγιοις
751 1989 898 2031 inesse
925 1989 1258 2045 inscriptionem
1285 1985 1467 2042 [Paulus
1490 2009 1540 2015 —-

77 2071 130 2078 -
151 2071 204 2076 —
224 2044 432 2088 Romanis
456 2044 687 2086 salutem
706 2045 838 2087 dicit
857 2046 888 2089 i.
909 2061 951 2103 q.
971 2045 1193 2101 epistolam
1219 2058 1326 2100 (sicae
1351 2040 1542 2096 sequitur

76 2103 269 2145 dicatam
287 2100 395 2156 vult]
409 2133 420 2153 ,
448 2100 675 2143 vocabulis
693 2106 837 2143 autem
856 2101 985 2157 χάρις
1002 2097 1102 2154 ὑμῖν
1119 2118 1155 2143 κ.
1176 2115 1213 2142 τ.
1233 2100 1268 2140 λ.
1302 2099 1362 2140 ita
1381 2095 1436 2138 ad
1451 2096 1540 2138 Ro-

79 2172 230 2200 manos
251 2157 491 2199 orationem
512 2158 727 2211 converti,
758 2162 807 2200 ut
824 2158 968 2200 fausta
988 2157 1167 2215 quaevis
1186 2157 1242 2199 iis
1264 2154 1316 2199 P.
1340 2157 1542 2212 precetur

79 2214 239 2313 ἔτινον
261 2214 410 2257 vobis
436 2213 694 2256 Romanis
718 2220 759 2257 ct
787 2213 979 2270 felicitas
1006 2215 1223 2269 continuat
1251 2228 1278 2255 α
1303 2213 1396 2254 Deo
1420 2212 1539 2262 πολ.

128 2270 301 2313 imirum
327 2270 516 2313 Romani
551 2270 610 2313 ita
639 2271 850 2328 epistolas
880 2272 983 2314 aliis
1007 2271 1275 2321 inscribunt,
1315 2271 1364 2309 ut
1391 2265 1539 2308 eos-in

80 2326 179 2384 ipsa
200 2326 483 2384 inscriptione
501 2328 710 2372 salutent.
769 2327 898 2382 Quod
930 2328 1005 2384 qui
1030 2328 1160 2385 plena
1188 2325 1384 2367 oratione
1410 2328 1539 2365 utun-

81 2388 156 2425 tur
174 2382 237 2424 sic
255 2383 443 2436 faciunt,
480 2388 528 2426 ut
553 2383 736 2427 salutem
762 2385 900 2426 amico
926 2385 1072 2426 dicant
1101 2383 1210 2439 [Cic.
1229 2381 1285 2423 ad
1302 2380 1424 2423 Fam.
1448 2382 1537 2429 l,l.

84 2439 155 2483 M.
174 2439 316 2482 Cicero
332 2440 414 2481 sal
423 2445 565 2482 utem
589 2441 642 2482 di
654 2442 727 2483 cit
754 2442 806 2484 P.
827 2441 1011 2483 Lentulo
1030 2440 1252 2492 P2·ocos.];
1290 2437 1366 2494 qni
1388 2441 1535 2479 contra

55 2514 60 2517 ·
80 2495 289 2539 brevitati
309 2495 486 2537 student
504 2497 665 2539 omisso
682 2498 814 2539 verbo
829 2530 841 2550 ,
876 2496 991 2555 quod
1017 2494 1248 2550 cogitando
1274 2494 1402 2536 facile
1429 2493 1541 2553 adji-

84 2554 223 2606 citur,
253 2552 315 2593 sic
335 2552 600 2608 loquuntur:
630 2553 771 2596 Cicero
789 2555 874 2609 Ap.
899 2551 1080 2596 Pulchro
1097 2551 1325 2593 salutem
1349 2549 1461 2612 [Cic.
1484 2549 1540 2591 ad

83 2609 210 2654 Fam.
229 2609 270 2661 3,
281 2610 361 2662 9.].
411 2606 642 2650 Postremo
665 2611 739 2666 qui
755 2610 901 2651 verbis
921 2623 1048 2665 quam
1067 2607 1345 2664 paucissimis
1363 2607 1542 2662 defungi

84 2667 239 2710 volunt
255 2667 353 2723 ipso
371 2665 524 2707 salutis
541 2666 752 2707 vocabulo
780 2665 922 2708 demto
951 2665 1210 2722 simpliciter
1234 2664 1385 2706 dicunt
1402 2664 1543 2707 Gicero

86 2721 309 2776 Bithynico
330 2721 440 2777 [Cic.
464 2720 519 2762 ad
537 2721 660 2764 Fam.
681 2724 722 2775 (ἐ,
736 2723 823 2775 17.]
845 2721 960 2778 quod
978 2726 1098 2763 tanto
1117 2722 1258 2764 minus
1286 2720 1541 2764 offensionis

85 2779 240 2833 habet,
270 2794 356 2835 quo
375 2777 515 2832 magis
532 2779 578 2820 in
594 2778 701 2820 trita
722 2784 764 2820 et
785 2779 1038 2836 pervulgata
1052 2811 1064 2831 ,
1099 2779 1180 2835 qua
1207 2777 1467 2833 verecundia
1495 2780 1539 2816 et

89 2836 339 2879 humanitas
369 2834 692 2887 declararetur,
739 2835 926 2877 formula
956 2849 1039 2876 non
1064 2839 1151 2877 tam
1182 2835 1363 2884 salutis,
1411 2847 1540 2889 quam
