1752 3347
471 198 630 245 CAP.
664 196 740 242 11.
774 199 866 244 Vs,
901 202 939 243 1.
973 204 1026 241 ct
1054 200 1115 245 2..
1469 200 1524 243 95

52 305 216 362 2,12.).
277 305 549 350 Postremam
571 307 782 350 rationem
803 321 951 350 veram
972 322 1072 350 esse
1102 305 1259 349 docent
1287 319 1328 352 v,
1358 320 1427 364 eq.
1458 309 1520 357 τὰ

54 373 139 432 γὰρ
159 365 286 415 αὐτὰ
308 390 383 432 πρ.
406 371 428 416 ὅ
447 391 535 432 κρ.,
567 373 685 431 quod
705 374 917 416 neminem
942 375 1133 417 fortasse
1162 375 1375 432 fugisset,
1406 376 1445 418 si
1466 374 1520 420 P.

54 432 109 481 τὸ
130 441 211 499 γὰρ
238 434 359 481 αὐτὸ
379 457 453 498 πρ.
478 439 500 483 ὁ
524 457 576 498 κρ
609 441 881 498 scripsisset.
939 443 1007 485 At
1025 443 1263 499 qenerate‘m
1283 444 1408 500 loqui
1429 458 1520 486 ma·-

53 499 161 551 luit,
190 499 266 541 τὸν
286 496 510 556 κρίνοντα,
542 499 585 542 h.
608 514 647 542 e.
668 497 907 551 Judaeum,
937 498 1092 541 iisdem
1120 501 1293 542 omnino
1321 500 1521 556 flagitiis,

53 555 214 613 quihus
234 556 422 611 gentiles
445 555 699 608 1,24-32.
729 557 785 598 cl.
810 555 903 607 2,2.
927 557 969 599 3.
992 557 1059 600 17.
1082 571 1175 613 sq„
1200 559 1393 601 volutari
1414 557 1521 600 sub-

50 611 349 655 indicaturus:
376 625 478 653 nam
496 611 541 651 in
561 615 646 666 qud
669 626 718 652 re
735 612 915 653 alterins
944 627 1160 655 censorem
1187 615 1279 670 ayis
1305 616 1350 657 in
1375 618 1427 657 ed
1455 619 1522 657 te-

51 668 277 723 metipsum
304 667 583 717 condemmm,
613 681 738 723 (laum
770 667 831 722 (si
849 671 989 710 totum
1011 669 1126 712 vitae
1144 675 1245 713 tuae
1263 686 1401 727 genus
1422 686 1443 714 s
1476 685 1523 713 e-

50 724 183 778 ctem)
210 724 393 766 eadem
418 727 640 777 perpetres
662 721 832 776 jadex,
875 739 982 779 qaae
1010 726 1056 767 in
1085 727 1185 769 aliis
1215 728 1422 784 reprehen
1453 743 1520 773 as-

46 780 350 823 Acrimoniam
372 778 535 821 hahent
554 772 639 822 v.‹‘)
667 777 846 833 κρίνων,
887 795 999 836 quae
1028 795 1151 835 eum,
1188 784 1234 825 in
1263 800 1390 841 quem
1421 799 1522 828 ora-

47 837 109 879 tio
130 835 362 892 dirigitur,
391 835 653 878 temeritatis
671 835 921 891 postulent:
949 852 1051 879 nam
1070 840 1217 881 eadem
1235 841 1351 897 facis
1376 841 1521 898 (scili-

47 892 155 949 cetl)
176 891 359 950 jadex
382 892 459 948 (cf.
491 894 583 935 not.
611 890 668 933 ad
693 890 852 935 Matth.
882 893 1061 945 27‚40.,
1099 894 1155 937 ad
1181 896 1320 942 Marc.
1351 899 1522 952 14‚18.‚

55 949 162 995 Wm.
180 964 249 1005 gr.
268 965 312 1008 p.
333 950 430 993 119.
449 947 518 992 ed.
537 948 580 991 3.
609 948 773 991 Seneca
795 963 866 1005 ep.
883 950 973 993 94..
1030 950 1129 993 Scis
1148 952 1396 1011 improbum
1417 970 1521 998 esse

46 1006 124 1064 qui
158 1008 214 1049 ab
249 1020 389 1050 uxore
447 1005 674 1048 udicitiam
703 1006 867 1060 exigit,
908 1007 999 1061 ipse
1027 1007 1271 1052 alienarum
1297 1017 1522 1068 corruptor

43 1064 286 1119 uxorum).
352 1021 534 1106 Scilicet
568 1062 608 1104 is
641 1061 942 1105 tantummodo
973 1063 1161 1107 aliorum
1190 1066 1296 1109 vitia
1317 1067 1420 1126 jure
1447 1083 1520 1112 re-

45 1120 319 1178 prehendere
339 1120 634 1175 existimatur,
659 1120 734 1176 qui
752 1134 803 1161 ea
824 1120 918 1177 ipse
937 1119 1104 1175 fugerit
1124 1122 1202 1179 (ef.
1222 1123 1267 1166 in
1286 1124 1396 1167 hanc
1417 1140 1519 1169 sen-

43 1177 226 1219 tentiam
246 1179 278 1220 l.
302 1175 418 1234 apud
440 1177 603 1230 (θοὴ).
659 1175 790 1218 Unde
811 1177 886 1233 qui
913 1177 928 1218 i
964 1192 1010 1219 se
1038 1183 1267 1236 perpetrat
1302 1181 1419 1237 quod
1441 1182 1519 1243 ju-

43 1232 129 1275 dex
148 1234 193 1276 in
213 1234 314 1276 aliis
334 1232 640 1292 reprehendit,
670 1233 757 1276 sibi
775 1235 869 1290 ipse
887 1248 911 1276 a
947 1239 1149 1278 versatur
1170 1241 1213 1279 et
1231 1238 1392 1281 stolide
1410 1240 1520 1295 agit.

44 1289 191 1333 Tollit
220 1291 307 1333 loci
335 1295 609 1333 venustatem
640 1291 1076 1346 interpretamentum
1107 1308 1215 1350 quae
1243 1293 1449 1350 judicas,
1488 1289 1519 1338 ἃ

43 1345 227 1402 κρίνεις,
258 1346 376 1404 quod
404 1362 428 1389 a
452 1346 645 1390 Lathero
674 1346 892 1390 redditum
924 1348 970 1390 in
997 1349 1137 1404 vulg.
1165 1349 1322 1407 Pelag.
1353 1353 1415 1396 al.
1445 1357 1518 1395 est

42 1418 123 1462 pro
146 1400 169 1445 ὁ
189 1403 359 1457 κρίνων.
421 1403 659 1461 Superest,
689 1409 739 1446 ut
759 1419 843 1461 quo
870 1405 1044 1447 vinculo
1070 1407 1141 1448 hic
1167 1422 1234 1452 VS.
1264 1423 1360 1450 cum
1391 1414 1517 1452 ante-

40 1458 298 1502 cedentibus
335 1460 569 1502 cohaereat
603 1459 796 1505 doceam.
862 1460 918 1504 In
948 1476 1034 1518 quo
1062 1462 1155 1522 Ap.
1186 1479 1289 1508 voce
1318 1461 1391 1507 διό
1422 1480 1446 1508 e
1473 1480 1516 1512 V.

42 1531 111 1574 cp.
134 1518 184 1569 l,
214 1530 254 1559 v.
277 1516 348 1560 32.
375 1517 425 1557 τὸ
455 1514 677 1570 δικαίωμα
702 1521 780 1559 τοῦ
807 1519 918 1560 θεοῦ
945 1544 1001 1550 ——
1026 1514 1145 1569 ἄξιοι
1174 1518 1375 1563 θανάτου
1402 1520 1517 1565 εἰσίν

40 1576 376 1629 argumentatur
395 1572 440 1616 h.
460 1586 522 1615 r.:
547 1571 618 1614 διὸ
639 1573 690 1627 (i.
709 1588 749 1615 e.
771 1570 850 1638 gfff,
862 1573 972 1615 κατὰ
991 1574 1042 1617 τὸ
1064 1575 1286 1629 (δικαίωμα
1304 1578 1385 1620 τοῦ
1400 1581 1516 1622 θεοῦ

38 1627 95 1672 τὰ
130 1626 190 1685 μὴ
229 1625 484 1685 καθήκοντα
522 1624 798 1684 πράσσοντες
824 1628 944 1679 αξιοι
972 1630 1176 1674 θανάτου
1202 1630 1313 1675 εἰσίν
1342 1649 1438 1692 cap.
1469 1637 1512 1680 1.

38 1700 81 1730 v.
107 1685 203 1741 32.)
229 1682 564 1741 ἀναπολόγητος
592 1678 632 1727 εἶ
661 1701 698 1728 κ.
726 1700 764 1726 τ.
798 1685 852 1727 λ..
921 1685 990 1729 At
1019 1693 1150 1731 erunt
1176 1689 1395 1744 fortasse,
1437 1693 1514 1748 qui

37 1740 172 1785 Pauli
202 1740 623 1797 argumentationem
652 1740 901 1785 claudicare
929 1744 1189 1802 opinentur,
1232 1748 1337 1803 quia
1366 1762 1419 1790 ex
1446 1764 1513 1805 eo,

39 1798 158 1856 quod
186 1799 382 1841 homines
411 1798 652 1842 facinorosi
678 1814 701 1841 e
725 1798 815 1841 Dei
842 1798 1017 1844 decreto
1046 1803 1324 1858 gravissimis
1353 1807 1511 1863 poenis

37 1859 160 1915 digni
180 1859 270 1901 sint
286 1860 453 1916 (1,32.)
471 1874 557 1902 non
576 1875 757 1918 peccare
778 1856 942 1906 πάντα
961 1862 1037 1906 τὸν
1054 1861 1278 1919 κρίνοντα,
1310 1865 1389 1908 sed
1409 1881 1507 1909 eum

35 1919 359 1974 tantummodo,
395 1921 471 1977 qui
489 1920 591 1962 dum
612 1922 709 1979 ipse
730 1923 791 1966 sit
814 1925 1050 1979 scelestus,
1083 1927 1368 1968 scelestorum
1386 1924 1509 1984 judi-

35 1992 127 2020 cem
158 1982 262 2033 agat
287 1977 521 2022 efficiatur.
578 1977 754 2035 Quibus
784 1981 1150 2024 considerandum
1177 1985 1268 2034 est,
1302 1980 1508 2038 Paulum,

37 2059 168 2101 quum
188 2041 281 2090 πᾶς
300 2041 323 2087 ὁ
341 2042 498 2100 κρίνων
516 2046 754 2102 scriberet,
783 2063 864 2105 pro
884 2054 1004 2091 certo
1026 2054 1069 2091 et
1090 2049 1208 2106 quod
1228 2053 1341 2094 male
1360 2053 1404 2094 in
1425 2053 1506 2096 du-

35 2101 292 2144 bitationem
311 2105 562 2156 vocaretur,
592 2105 829 2159 sumsisse,
860 2121 950 2147 esse
974 2107 1106 2148 etiam
1126 2108 1310 2150 Judaeos
1334 2108 1503 2165 facino-

34 2172 153 2201 rosos
169 2159 249 2214 (cf.
269 2159 310 2212 3,
320 2158 436 2213 23.)‚
463 2157 508 2200 id
528 2160 644 2216 quod
662 2160 868 2220 deinceps
886 2167 976 2204 tum
998 2161 1234 2205 identidem
1255 2163 1361 2208 dicit
1378 2168 1440 2222 (v,
1463 2168 1506 2212 1.

35 2211 90 2254 τὰ
108 2213 188 2271 γὰρ
206 2212 318 2258 αὐτὰ
336 2213 554 2270 πράσσεις
573 2213 595 2258 ὃ
616 2215 796 2274 κρίνων.
835 2234 876 2263 v.
896 2219 938 2263 3.
970 2221 1039 2263 17.
1070 2222 1160 2277 sq.)
1188 2225 1280 2263 tum
1310 2221 1506 2266 ostendit

34 2269 180 2324 (2‚10.
200 2272 307 2328 sq.).
371 2272 664 2328 Quamobrem
685 2276 899 2333 Apostoli
925 2277 1245 2332 argumentatio
1274 2279 1379 2322 haec
1409 2284 1503 2324 est:

34 2326 232 2382 quoniam
251 2329 373 2370 Dens
391 2329 445 2370 iis
462 2330 534 2386 qui
552 2331 750 2374 indecora
768 2337 1019 2388 perpetrent
1035 2334 1316 2388 yravissz'mas
1343 2350 1502 2390 poenas

36 2382 257 2425 constituit
276 2385 469 2440 (1‚32.),
496 2386 654 2429 idcirco
672 2389 828 2444 (quum
847 2403 974 2431 nemo
992 2404 1076 2430 non
1095 2390 1154 2431 sit
1173 2392 1412 2436 scelestus:
1442 2394 1500 2438 cf.

33 2438 76 2490 3,
86 2437 181 2493 23.)
198 2453 283 2482 non
302 2440 430 2483 habes
446 2455 523 2498 qao
542 2447 584 2484 te
599 2443 829 2500 defendas,
869 2460 893 2487 ο
921 2446 1062 2499 homo,
1103 2447 1351 2506 quisquis
1372 2448 1499 2505 judi-

33 2495 95 2537 cis
111 2508 338 2550 personam
358 2498 538 2551 suscipis
555 2499 586 2542 i.
607 2514 646 2542 e.
667 2505 709 2542 te
726 2502 818 2543 dieo
836 2502 1061 2546 Judaeum.
1100 2503 1162 2558 (2,
1177 2505 1217 2548 l.
1241 2505 1310 2547 διὸ
1330 2530 1385 2538 —-
1408 2506 1499 2557 πᾶς

34 2546 58 2593 ὃ
77 2548 273 2609 κρίνων.)
328 2553 450 2606 Non,
477 2554 678 2611 inquam,
706 2556 834 2599 habes
851 2573 930 2615 qao
953 2563 995 2599 te
1016 2557 1222 2615 defendas
1243 2557 1497 2615 (ἀναπολό-

31 2622 163 2664 γητος
181 2601 252 2660 εἷ).
307 2608 425 2652 Nam
446 2610 489 2651 ἱη
507 2615 591 2667 quc?
608 2627 656 2654 re
675 2613 859 2655 alterum
888 2615 1069 2656 damnas
1094 2618 1364 2673 temetipsum
1393 2633 1494 2662 con-

31 2663 228 2716 demnas,
276 2678 403 2721 quam
429 2666 600 2720 eadem,
651 2682 758 2724 qaae
782 2671 986 2724 yente‘les,
1024 2677 1244 2727 perpetres
1266 2677 1493 2730 yentilv‘um

25 2718 211 2775 judex
230 2719 296 2772 (ἐν
316 2713 350 2775 ᾧ
370 2746 426 2752 -
446 2720 662 2775 πράσσεις
686 2718 708 2764 ὃ
729 2723 920 2780 κρίνων).
985 2727 1046 2770 V.
1064 2727 1107 2771 2.
1157 2726 1354 2784 οἴδαμεν]
1385 2733 1429 2776 h.
1450 2747 1491 2776 e.

31 2790 117 2818 non
133 2791 210 2819 nos
228 2777 386 2819 scimus
413 2778 444 2820 J
450 2779 515 2820 ud
525 2781 632 2830 aei,
662 2779 864 2822 divinitas
893 2782 1084 2825 instituti
1112 2784 1301 2843 [Kopp.,
1332 2782 1492 2841 Cram„

32 2831 165 2877 Flam
192 2834 293 2888 al.]‚
343 2832 422 2876 sed
453 2848 526 2877 nos
556 2835 712 2878 seimus
741 2836 882 2879 lz-omv’
890 2851 917 2880 η
929 2853 981 2881 es
1006 2839 1036 2883 i.
1067 2854 1110 2898 q.
1141 2856 1260 2886 nemo
1291 2850 1378 2898 est,
1419 2845 1492 2899 qai
