1752 3347
232 157 316 200 loo
517 152 897 198 EPISTOLA
927 154 1029 197 AD
1059 152 1426 201 ROMANOS

231 263 314 304 hos
337 260 521 314 amavit,
550 265 599 302 ut
618 261 830 301 rationem
858 259 1016 312 iniret,
1077 259 1129 300 ua
1156 260 1485 314 corrigerentur
1505 262 1707 306 emenda-

232 319 360 374 tique
389 316 625 359 beai-entur
657 318 679 357 1
714 315 833 358 Petr.
863 318 915 369 2,
935 315 1008 360 24.
1114 348 1126 359 .
1146 317 1219 360 25.
1245 323 1290 359 et
1319 318 1393 362 26.
1433 317 1707 362 Sententiam

232 389 274 418 v.
295 374 371 418 24.
391 373 665 431 propositam
688 373 878 415 homines
893 373 1084 427 yratw‘to
1102 373 1191 416 Dei
1210 373 1410 427 beneficio
1435 388 1515 428 per
1543 377 1707 419 redem-

230 432 394 474 tionem
422 446 450 474 ιι
477 429 648 472 Christo
677 428 846 485 factam
875 429 961 472 Dei
984 428 1179 484 fat-orem
1213 430 1410 486 consequi
1442 429 1494 473 P.
1526 430 1570 474 11.
1601 431 1634 475 l.
1661 433 1708 476 in

229 488 424 530 clariore
454 488 550 527 luce
578 487 874 528 collocaturus
900 492 944 527 et
976 484 1093 542 quod
1117 500 1274 528 munus
1295 486 1421 529 Deus
1443 486 1622 530 Christo
1641 488 1709 531 in-

229 544 334 603 junx
348 544 432 587 erit
450 538 522 596 (ἣν
542 568 596 574 —
617 542 662 585 ἐν
679 543 741 598 τῷ
760 539 897 585 aean&
915 540 1104 598 αἵματι),
1135 547 1181 585 et
1202 558 1389 599 quonam
1408 543 1596 586 consilio
1615 559 1710 587 mu-

223 594 316 643 ’nus
337 602 382 643 111
399 599 623 643 Christum
647 600 883 641 contulerit
907 598 994 654 (εἷς
1012 597 1196 650 ἔνδειξιν
1214 626 1270 632 —-
1291 598 1336 643 ἐν
1359 601 1420 656 τῷ
1438 602 1512 642 νῦν
1532 603 1709 658 καιρῷ),

227 662 273 700 ct
291 656 401 713 quid
418 658 507 699 tots·
533 670 579 698 re
600 656 800 698 eil'ectum
823 653 980 708 εἰῐ(εἱς
1002 655 1048 697 τὸ
1069 650 1180 698 εἶναι
1202 671 1292 698 κ.τ.
1306 657 1366 711 λ.)
1386 658 1581 714 exponit.
1607 656 1711 708 ἱλα-

225 711 445 771 στήριον]
505 712 722 768 Quoniam
745 712 880 760 LXX
902 713 1024 756 hebr.
1045 726 1157 756 nfft:
1185 714 1452 781 (operculum
1472 729 1603 756 arcae
1619 713 1711 770 foe-

224 771 368 826 deris)
386 770 441 812 ob
459 784 660 824 causam,
693 784 821 826 quam
842 770 952 812 infra
976 768 1193 822 indicabo,
1222 767 1484 826 claocq'pmv
1507 769 1708 823 ἐπίθεμα

225 827 336 884 (Ex,
354 827 437 882 25,
457 829 546 883 17.)
574 833 618 868 et
648 825 698 868 τὸ
729 824 990 881 ἱλαστήριον
1013 826 1119 882 (Ex.
1142 828 1222 880 31,
1241 828 1283 870 7.
1312 827 1368 871 cl.
1398 826 1539 872 Hebr.
1569 829 1624 881 9,
1643 827 1709 881 5.)

225 888 516 935 convertunt,
559 884 833 936 Theodorei„
868 883 1126 937 Tloeophyl„
1159 884 1357 935 Ocnum„
1390 885 1584 935 Erasini„
1615 883 1708 926 Lu-

224 941 336 984 ther.
357 942 457 998 (qui
474 941 688 982 transfert
720 942 1099 995 &nabenstubss
1127 940 1183 982 cs.
1205 938 1345 982 Hebr.
1371 940 1426 990 4,
1446 941 1540 992 16.)
1568 941 1708 993 Grai„

228 998 442 1054 Deyff'ae'ny.
472 997 583 1040 Obs.
614 1013 650 1041 S.
683 996 735 1041 P.
769 996 843 1049 ll,
875 1012 917 1053 p.
947 997 1034 1040 482
1059 1011 1154 1052 sq„
1202 994 1356 1051 lVolfi,
1387 995 1587 1038 ss'oesselt
1613 997 1648 1040 l.
1673 997 1707 1042 l.

224 1069 272 1113 p.
291 1054 368 1099 8'3.
392 1056 452 1098 al.
474 1055 699 1097 Christum
728 1054 799 1095 me
821 1054 1063 1107 operculum
1084 1067 1213 1094 arcae
1233 1051 1423 1108 foederis
1443 1053 1593 1095 vocari
1610 1068 1636 1095 o
1670 1053 1707 1095 i-

224 1117 406 1156 nan-tur.
464 1111 578 1153 Nam
613 1126 743 1168 quum
773 1110 1053 1167 operculum,
1084 1123 1171 1165 quo
1190 1123 1289 1150 arca
1314 1108 1508 1152 foederis
1529 1068 1707 1153 clami’e-

224 1175 377 1222 retur,
413 1166 640 1212 Christum
665 1181 744 1224 per
771 1166 978 1220 ambages
1007 1166 1430 1222 repraesentaverit,
1459 1166 1572 1210 illud
1593 1166 1707 1216 ficti·

223 1225 337 1267 tium
365 1230 408 1268 et
438 1225 743 1280 imaginarium
772 1223 938 1274 fuisse,
969 1223 1193 1267 Christum
1227 1237 1381 1270 verum
1406 1229 1451 1265 et
1471 1223 1706 1279 genuinum

228 1283 485 1339 operculum
515 1297 613 1324 esse
643 1280 851 1335 intelligi.
921 1279 1096 1335 Quibus
1127 1294 1212 1321 non
1243 1280 1322 1321 hoc
1349 1280 1580 1323 obtendam
1608 1295 1705 1324 cum

223 1339 399 1393 Kyjticio
420 1345 465 1381 et
486 1339 678 1394 Isoppio,
710 1336 762 1381 P.
789 1338 832 1379 in
857 1338 1042 1394 epistola
1067 1336 1123 1378 ad
1146 1336 1424 1381 Christianos
1446 1352 1498 1379 ex
1520 1336 1704 1382 Iudaeis

223 1400 270 1438 et
289 1396 536 1450 gentilibus
560 1395 719 1437 mixtos
745 1394 845 1437 data
869 1394 1152 1451 antiquitatis
1174 1392 1379 1451 judaicae
1433 1399 1572 1437 artem
1594 1394 1704 1438 adeo

224 1452 477 1494 abstrusam
514 1451 718 1506 tetigisse
754 1452 995 1494 verisimile
1026 1466 1110 1493 non
1150 1450 1309 1495 videri.
1377 1451 1553 1506 'letigit
1589 1452 1704 1494 enim

223 1509 337 1551 alibi
383 1509 664 1565 antiquitatis
698 1508 904 1567 judaicae
944 1513 1095 1565 partes
1143 1523 1230 1550 non
1270 1508 1413 1550 minus
1453 1507 1704 1551 reconditas

248 1569 272 1609 l
300 1566 406 1610 Cor.
441 1568 518 1618 10,
549 1568 586 1608 l.
620 1569 711 1621 sq.)
741 1570 785 1607 et
809 1565 913 1624 jure
932 1564 1128 1620 quidem,
1161 1579 1293 1620 quum
1315 1579 1368 1606 ne
1393 1566 1583 1620 gentiles
1604 1565 1705 1622 qui-

255 1638 346 1676 em,
381 1623 458 1680 qui
488 1623 534 1664 in
557 1622 728 1665 Christi
757 1636 806 1663 se
833 1621 1112 1677 disciplinam
1141 1618 1460 1675 contulissent,
1490 1622 1534 1663 in
1558 1622 1619 1666 V.
1644 1622 1703 1666 Τ.

220 1680 380 1733 libris,
411 1694 522 1736 quos
545 1694 695 1721 sacros
716 1683 832 1720 recte
856 1677 1134 1736 judicarent,
1164 1678 1362 1735 hospites
1388 1685 1553 1721 essent.
1613 1678 1704 1722 Sed

223 1737 403 1780 obstant
433 1736 641 1777 inis-alia
671 1737 808 1777 multo
835 1735 1056 1789 graviora.
1129 1734 1244 1776 Nam
1276 1735 1314 1776 si
1346 1736 1439 1792 Ap.
1474 1735 1702 1778 Christum

224 1807 374 1837 rerum
401 1794 655 1850 operculum
683 1807 805 1845 esse,
842 1791 957 1847 quod
990 1792 1294 1846 imaginarium
1322 1792 1436 1834 illud
1463 1807 1594 1834 arcae
1610 1794 1702 1835 soe·-

223 1851 347 1893 deris
387 1850 775 1908 superimpositum
805 1850 1057 1906 operculum
1094 1849 1198 1891 olim
1236 1850 1556 1890 exstituturum
1599 1864 1703 1907 por-

223 1906 439 1960 tenderit,
486 1907 632 1948 dicere
670 1907 985 1958 constituerat,
1025 1905 1085 1946 τὸ
1126 1902 1385 1961 ἱλαστήριον
1424 1907 1700 1963 (operculum

221 1980 315 2008 rem.
353 1965 595 2015 continens,
634 1978 715 2005 11011
752 1962 949 2004 umbram.
989 1961 1205 2017 referens)
1243 1977 1432 2004 exarare.
1474 1963 1704 2016 debuerat,

223 2021 339 2078 qnod
355 2021 398 2062 in
420 2035 502 2062 uno
525 2020 604 2064 Cd.
624 2035 760 2076 eoque
784 2020 1048 2076 interpolato
1073 2020 1173 2072 (Gr.)
1192 2035 1214 2060 a
1237 2026 1485 2062 correctore
1508 2020 1702 2063 oblatum

223 2086 391 2121 temere
414 2078 610 2136 profecto
636 2076 685 2120 P.
707 2077 895 2120 tribuas.
952 2075 1126 2118 Deinde
1151 2091 1380 2132 quaenam,
1411 2077 1610 2130 obsecro,
1640 2077 1703 2120 51-

223 2135 426 2178 militudo
458 2135 637 2179 Christo
667 2134 751 2176 suit
779 2149 874 2176 eum
902 2148 1031 2175 arcae
1061 2132 1255 2177 foederis
1289 2130 1530 2190 operculo?
1587 2135 1702 2178 Con-

223 2195 339 2235 texit
358 2193 462 2246 hoc,
496 2193 637 2248 iuquit
657 2192 858 2244 Dorylae-(1.
883 2191 912 2233 Ι.
939 2206 976 2234 c.
1004 2191 1161 2247 p.488.
1185 2205 1278 2247 sq..
1307 2192 1421 2243 legis
1444 2207 1552 2234 mos.
1575 2191 1701 2235 tabu-

221 2251 291 2292 las
312 2250 525 2291 minarum
549 2251 726 2306 plenas;
758 2248 860 2289 item
883 2248 1087 2290 Christus
1111 2263 1240 2303 quium
1266 2263 1311 2288 se.
1333 2249 1563 2292 devoveret
1586 2249 1701 2303 legis

222 2322 334 2351 mos.
358 2307 476 2348 diras
503 2308 624 2348 ‘velut
653 2306 845 2346 contexit
873 2305 914 2347 h.
939 2321 977 2348 e.
1008 2305 1194 2346 sustulit.
1217 2305 1319 2348 Gal.
1351 2306 1399 2357 3,
1429 2307 1508 2349 13..
1567 2305 1698 2353 Talia

222 2369 268 2405 et
300 2366 426 2406 multi
460 2365 594 2405 multa
629 2363 858 2404 eonmienti
891 2369 994 2404 sunt.
1026 2368 1069 2403 et
1090 2368 1275 2418 possunt
1296 2362 1390 2404 sine
1410 2364 1500 2405 ullo
1523 2364 1698 2418 negotio

223 2422 351 2478 plura
380 2422 510 2464 etiam
542 2419 802 2475 excogitari.
863 2418 952 2461 Sed
986 2418 1234 2477 hujusmodi
1267 2420 1449 2462 somniis
1471 2420 1582 2461 nihil
1605 2420 1697 2462 offi-

223 2479 353 2521 citur.
413 2477 700 2520 Manifestum
721 2480 789 2518 est
811 2475 954 2529 enim,
986 2475 1062 2528 l'.,
1093 2475 1132 2516 si
1156 2476 1380 2519 Christum
1403 2491 1531 2519 arrae
1553 2475 1694 2518 foede·

222 2535 288 2575 ris
317 2537 567 2592 operculum
597 2533 937 2591 appellavisset,
978 2538 1025 2574 ut
1050 2547 1073 2574 a
1095 2533 1334 2575 lectoribus
1356 2535 1696 2589 intelligeretur,

221 2596 383 2633 certam
412 2593 699 2649 stabilemque
728 2605 855 2647 quam
887 2588 1045 2633 Judaei
1084 2589 1136 2630 de
1165 2591 1243 2631 illo
1277 2590 1487 2633 haherent
1521 2594 1693 2632 senten-

221 2649 327 2691 tiam
350 2651 475 2705 sequi
499 2649 763 2706 oportuisse,
798 2662 880 2688 non
903 2652 1065 2689 temere
1085 2647 1262 2690 Christo
1285 2662 1438 2690 nomen
1461 2648 1695 2703 imponere,

224 2704 349 2763 cujus
372 2708 482 2748 ratio
538 2723 635 2748 uum
660 2707 789 2758 vulgo
813 2705 1092 2759 ignor-'uretur
1110 2705 1187 2746 alii
1208 2705 1338 2746 aliam
1362 2703 1602 2759 conjectare
1623 2718 1693 2743 eu-

223 2769 447 2815 gen-entur.
506 2723 568 2804 ι111
594 2765 649 2807 V.
670 2762 728 2806 T.
759 2777 886 2803 arem·
915 2760 1106 2803 foederis
1142 2763 1392 2818 operculum
1421 2752 1599 2802 Jehorae
1627 2775 1692 2801 se-

223 2821 298 2862 des
317 2820 592 2878 proponitur.
650 2819 808 2875 ltaque
829 2818 930 2862 inde
954 2824 1157 2874 tanquam
1180 2817 1233 2860 ‹le
1253 2834 1334 2861 suo
1361 2817 1474 2860 solio
1496 2815 1690 2861 1011011111
