1752 3347
605 109 1193 160 PROLEGOMENA.
1563 127 1639 158 xxi

162 234 271 264 mam
295 234 340 263 se
369 225 580 263 venturum
613 220 817 272 pollicitus
849 225 932 274 est,
983 227 1026 262 ut
1060 220 1268 261 Romanos
1299 218 1636 262 corroboraturus

163 278 388 321 doctrinam
415 280 497 322 div.
522 278 578 319 ibi
597 280 772 319 traderet
802 278 921 322 Rom.
951 279 991 331 1,
1012 279 1081 321 11.
1101 290 1164 329 sq.
1193 275 1264 328 15,
1281 275 1365 319 23..
1423 277 1470 318 In
1496 291 1633 319 errore

159 336 285 389 igitur
304 336 440 389 opinio
458 341 645 377 versatur
665 336 759 376 olim
782 348 806 374 a
828 335 1047 376 Pontificiis
1061 366 1072 387 ‚
1112 346 1234 386 quum
1258 333 1411 375 famam
1436 335 1484 375 de
1511 335 1632 376 Petro

160 398 378 446 postquam
416 392 552 444 impiis
584 392 761 434 Simonis
790 392 908 446 Magi
942 392 1155 433 fraudibus
1194 390 1372 444 disjectis
1402 405 1476 444 per
1500 392 1633 435 XXV.

158 463 289 492 annos
314 451 591 491 Romanorum
612 450 742 491 coetui
771 451 1016 503 praefuisset
1036 449 1187 491 Romae
1209 461 1286 499 quo
1309 453 1487 501 tempore
1504 449 1552 492 P.
1576 449 1635 489 ibi

156 508 392 549 interfectus
411 507 534 547 fuerit
552 507 595 548 in
608 522 764 549 crucem
774 513 862 549 aeto
878 509 939 562 (v.
950 507 1117 550 Hieron.
1130 508 1176 546 de
1187 505 1286 547 viris
1307 505 1462 549 illustr.
1476 520 1511 547 c.
1525 507 1565 548 l.
1579 506 1634 548 cl.

157 565 310 607 Euseb.
323 563 378 605 H.
392 565 443 606 E.
460 565 504 616 2,
525 564 594 606 14.
617 566 689 606 25.
720 565 760 615 3,
784 565 845 618 1.)
874 565 1017 616 cupido
1033 565 1076 604 in
1096 577 1181 605 rem
1200 576 1316 605 suam
1334 563 1635 605 convertissent

154 621 304 662 acriter
325 621 513 662 defensa:
549 621 733 662 Petrum
749 623 1026 662 Romanorum
1043 629 1198 662 coetum
1218 620 1448 662 condidisse
1467 622 1524 672 (v.
1536 622 1635 663 Ba-

151 681 280 720 roniz’
293 677 445 720 Annal.
468 677 614 719 eccles.
634 677 666 730 Ι,
683 677 781 720 254.
803 690 891 730 sqq.
920 677 1021 720 533.
1046 679 1172 732 sqq.).
1229 678 1346 720 Nihil
1365 677 1453 719 veri
1473 678 1537 718 illi
1564 678 1632 718 sa-
1673 675 1679 680 ’

151 749 243 777 mae
263 735 426 787 subest,
456 747 506 774 ne
528 735 606 775 hoc
627 735 809 787 quidem,
840 735 1003 775 Petrum
1021 736 1176 775 Romae
1206 749 1326 786 quum
1346 742 1490 788 postea
1511 747 1632 787 quam

150 792 202 836 P.
221 803 319 834 suas
337 806 384 832 eo
403 791 544 845 literas
564 791 744 832 misisset
765 793 903 831 urbem
920 792 1088 832 adiisset
1101 793 1302 843 supplicio
1322 793 1506 833 affectum
1525 805 1632 834 esse.

152 848 312 902 Quippe
341 849 500 890 nullum
531 849 688 889 itineris
718 861 744 890 a
770 849 884 888 Petro
915 849 958 889 in
979 848 1141 889 Italiam
1167 849 1266 889 faeti
1292 850 1335 889 in
1356 850 1409 891 N.
1431 850 1486 895 T.
1507 848 1632 890 vesti-

151 907 263 960 gium
289 912 374 948 est:
414 906 578 947 Petrum
595 907 750 946 Romae
781 920 824 947 se
847 905 1086 947 convenisse
1112 905 1158 946 P.
1185 906 1229 945 in
1259 907 1446 957 epistolis
1475 907 1631 947 Romae

150 963 329 1015 scriptis!
346 977 400 1012 ne¹
413 963 684 1004 subindicavit
710 963 888 1015 quidem:
928 963 1022 1015 ipsa
1041 969 1175 1003 autem
1199 964 1312 1003 fama
1339 963 1536 1015 ejusmodi
1555 969 1632 1014 est,

147 1027 190 1061 ut
208 1021 274 1062 vel
291 1020 445 1062 homini
465 1034 547 1060 non
568 1023 780 1061 admodum
801 1021 1029 1072 suspicioso
1052 1020 1286 1072 scrupulum
1302 1020 1469 1073 injicere
1488 1021 1632 1061 debeat

149 1091 272 1130 quum
290 1078 397 1118 alias
418 1077 468 1118 ob
493 1090 663 1129 causas,
699 1084 784 1118 tum
802 1084 1041 1131 propterea,
1078 1079 1183 1129 quod
1205 1077 1293 1118 sine
1312 1076 1468 1117 idoneis
1492 1083 1633 1118 aucto-

147 1134 264 1175 ribus
296 1135 472 1186 primum
499 1135 606 1175 edita
634 1136 728 1174 dum
758 1141 925 1187 augetur
952 1134 1180 1175 manifestis
1206 1134 1415 1174 erroribus
1438 1138 1498 1188 (V.
1521 1148 1558 1176 e.
1580 1135 1628 1174 de

148 1191 315 1232 Simone
339 1192 466 1243 Mago
486 1198 745 1243 expugnato,
786 1195 832 1232 de
860 1193 904 1233 P.
931 1191 999 1233 bis
1022 1193 1178 1232 Romae
1206 1191 1382 1232 vinculis
1415 1191 1629 1232 constricto

145 1262 187 1290 v.
197 1255 281 1291 not.
303 1262 345 1300 p.
356 1248 501 1290 XVIII.
516 1249 600 1301 sq.)
618 1249 851 1299 implicatur
867 1254 906 1289 et
927 1263 999 1288 eur
1016 1249 1249 1301 excogitata
1266 1261 1314 1289 ac
1333 1248 1453 1289 facile
1475 1248 1628 1289 eredita·

147 1306 201 1347 sit
219 1304 486 1358 probabiliter
507 1305 585 1345 dici
610 1311 742 1356 potest
760 1303 827 1359 ἐξ).
885 1306 1070 1358 Hugius
1095 1306 1199 1350 (tint.
1220 1306 1275 1350 11.
1308 1306 1352 1360 §0
1372 1305 1472 1348 109.
1501 1305 1626 1348 Chri-

236 1486 456 1528 expositum.
501 1485 542 1520 Si
564 1486 627 1529 qui
650 1495 718 1528 per
739 1489 930 1522 nonnullos
953 1498 1066 1523 annos
1090 1490 1128 1523 in
1150 1487 1308 1523 vinculis
1334 1488 1448 1523 fuerit
1469 1488 1626 1525 amicum

234 1536 363 1577 roget,
385 1536 426 1566 ut
444 1533 585 1567 itineris
601 1535 872 1575 opportunitate
890 1545 980 1568 usus
996 1537 1194 1576 paenulam
1209 1539 1295 1569 ante
1313 1538 1390 1568 tres
1402 1539 1626 1578 quattuorve

237 1590 354 1614 annos
370 1581 504 1613 alicubi
520 1581 699 1613 rellictam
720 1582 906 1623 librosque
918 1605 930 1619 .
961 1583 1091 1623 quibus
1109 1592 1220 1624 aegre
1238 1584 1388 1623 careat,
1417 1592 1541 1616 secum
1563 1584 1624 1616 af-

233 1628 354 1668 ferat,
377 1635 448 1659 non
463 1629 520 1659 est
538 1628 632 1668 quod
644 1628 841 1668 miremur,
872 1630 1046 1669 tantoque
1064 1629 1204 1669 minus,
1228 1629 1261 1660 si
1278 1630 1339 1660 vel
1355 1629 1533 1664 neminem
1552 1638 1623 1662 au-

231 1676 298 1707 tea
323 1674 525 1717 invenerit,
559 1674 620 1714 qui
644 1682 754 1706 caras
783 1684 845 1707 res
873 1677 1057 1707 commode
1083 1684 1129 1708 ac
1158 1676 1238 1708 sine
1263 1675 1406 1714 negotio
1423 1678 1624 1716 apportare

233 1729 347 1761 posse
367 1720 580 1759 videretur,
609 1721 668 1752 vel
687 1729 751 1753 eas
772 1721 839 1753 sibi
856 1721 983 1754 afferri
1001 1724 1149 1763 propter
1173 1722 1354 1754 libertatis
1375 1723 1539 1762 proxime
1558 1731 1623 1755 re·-

235 1768 469 1808 cuperandae
485 1775 586 1806 spem
603 1766 691 1798 nihil
707 1768 792 1799 ante
805 1768 1043 1801 laboraverit.
1078 1771 1201 1802 Locus
1219 1771 1341 1800 tamen
1365 1772 1387 1801 2
1407 1769 1497 1801 Tim.
1513 1768 1550 1809 4,
1565 1770 1624 1802 20.

235 1822 318 1846 oum
341 1814 423 1846 Act.
443 1815 500 1858 21,
519 1815 575 1846 29.
607 1813 650 1845 cl.
668 1815 749 1844 Act.
766 1815 823 1855 20,
839 1813 873 1846 4.
896 1813 951 1847 15.
984 1818 1134 1856 pugnat.
1181 1816 1254 1848 Sed
1282 1813 1342 1846 ubi
1365 1816 1489 1847 Lucas
1516 1817 1553 1847 et
1581 1816 1624 1848 P.

235 1859 477 1901 dissentiunt,
509 1860 623 1895 Paulo
641 1861 859 1892 credendum
877 1863 947 1893 est.
995 1861 1167 1894 Confudit
1194 1861 1305 1902 igitur
1327 1862 1451 1894 Lucas
1467 1863 1549 1895 Act.
1567 1863 1627 1902 21.

234 1908 293 1939 29.
335 1906 565 1945 'trophimum
583 1915 665 1938 cum
687 1906 758 1938 alio
784 1908 939 1946 quodam
962 1909 1068 1940 Pauli
1091 1909 1247 1951 comite,
1281 1907 1342 1948 qui
1367 1909 1452 1941 olim
1477 1909 1625 1949 gentilis

233 1952 368 1987 fuerat.
417 1951 589 1985 ceterum
607 1953 701 1992 quod
718 1953 920 1985 dubitatum
938 1956 1014 1997 est,
1037 1963 1109 1996 quo
1121 1964 1236 1988 sensu
1255 1956 1294 1987 P.
1315 1953 1433 1995 Cotti,
1451 1957 1507 1990 10.
1533 1955 1621 1987 Ari-

234 2000 422 2031 star-chum
447 2004 484 2031 et
509 1999 656 2032 philem.
676 2002 733 2031 23.
755 2001 964 2039 Epaphram
991 1997 1058 2032 τὸν
1078 1998 1388 2043 συναιχμάλωτον
1410 1997 1524 2033 αὑτοῦ
1551 2010 1621 2041 ap-

233 2045 450 2087 pellaverit,
482 2040 524 2077 ed
543 2046 587 2077 de
604 2054 645 2076 re
663 2045 716 2076 sio
740 2046 869 2079 sentio.
914 2047 1082 2080 Dabatur
1101 2048 1148 2079 ad
1168 2049 1207 2080 P.
1226 2048 1346 2080 aditus
1367 2048 1472 2081 Pauli
1492 2047 1621 2079 amicis

233 2093 315 2124 Act.
332 2093 389 2130 28.
405 2094 463 2125 30.
476 2115 487 2133 ,
519 2093 604 2131 sed,
637 2093 937 2132 quemadmodum
953 2093 988 2124 in
1007 2095 1072 2126 tali
1096 2103 1138 2125 re
1156 2094 1234 2126 fieri
1255 2095 1367 2138 solet,
1399 2094 1508 2126 statis
1533 2096 1620 2126 tan-

233 2139 416 2171 tummodo
434 2138 542 2170 horis.
589 2138 658 2176 Qui
677 2140 716 2170 ut
734 2140 916 2171 adversas
937 2139 1044 2171 amici
1062 2150 1121 2172 res
1139 2141 1357 2181 aliquamdiu
1378 2141 1539 2172 omnibus
1562 2140 1623 2172 vi-

233 2185 334 2218 ribus
352 2185 589 2216 sublevarent
609 2185 687 2216 dies
708 2190 902 2226 noctesque
923 2195 1003 2217 euni
1022 2188 1062 2219 P.
1090 2188 1137 2219 ad
1162 2189 1304 2225 tempus
1323 2187 1467 2218 versari
1484 2186 1624 2218 voluis-

236 2234 342 2275 sent,
373 2231 427 2263 ita
447 2232 599 2262 admissi
616 2232 723 2270 sunt,
756 2233 796 2263 ut
816 2233 986 2272 quamdiu
1009 2234 1054 2266 ab
1074 2234 1189 2265 amico
1215 2233 1366 2265 distrahi
1388 2234 1520 2264 nollent
1539 2241 1623 2265 cum

237 2278 279 2310 P.
298 2279 335 2310 in
351 2277 553 2309 custodiam
570 2277 703 2309 includi
722 2287 762 2309 se
781 2281 1003 2318 paterentur.
1049 2279 1161 2312 Viros
1178 2280 1301 2321 igitur,
1327 2279 1387 2319 qui
1404 2279 1499 2311 sorte
1518 2288 1623 2311 suam

237 2331 359 2356 secum
378 2325 560 2355 fortunam
577 2331 700 2355 amore
725 2325 873 2358 adducti
893 2325 1177 2367 participarent,
1208 2328 1383 2365 quantum
1402 2325 1470 2356 sibi
1492 2335 1622 2367 quum-

238 2370 394 2401 maxime
409 2369 567 2401 officium
584 2372 819 2410 praestarent
836 2372 1038 2405 testificans
1058 2369 1143 2409 τούς
1161 2366 1488 2415 συναιχμαλώτους
1506 2367 1623 2405 αὑτοῦ

239 2416 376 2447 Paulus
395 2416 557 2449 vocavit.

194 2469 235 2511 ⁸¹)
260 2471 315 2505 Cf.
337 2472 399 2503 Fr.
428 2472 664 2511 spanhemius
687 2473 761 2512 (De
780 2477 918 2507 temere
940 2472 1091 2507 creditci
1120 2474 1228 2507 Petri
1254 2475 1295 2507 in
1312 2474 1443 2507 urbem
1461 2477 1624 2509 Romam

236 2517 474 2560 profectione
491 2520 582 2557 opp.
596 2520 643 2561 11,
660 2522 783 2559 3310,
809 2521 1067 2553 Eicleliornius
1089 2515 1184 2553 (tint.
1204 2516 1240 2554 in
1258 2519 1320 2552 bas
1341 2517 1388 2553 ξπ.
1405 2518 1450 2555 Ξ.
1469 2523 1622 2559 limos.

238 2566 275 2614 et
293 2561 409 2604 fios),
435 2564 481 2595 cle
503 2565 668 2597 VVeltz'us
704 2561 815 2606 (aiut.
834 2567 881 2605 ΙΙ,
899 2565 1018 2609 325.),
1050 2567 1209 2599 Baurus
1242 2559 1439 2610 (adtinget
1464 2563 1621 2609 &eitfcbn

239 2607 300 2651 fut
319 2607 442 2650 Zbeol.
464 2610 565 2643 1831.
603 2611 710 2642 Fasc.
729 2613 791 2643 lV.
823 2622 857 2652 p.
877 2614 995 2654 1510,
1035 2612 1079 2644 A.
1100 2613 1279 2646 Necmder
1311 2612 1355 2652 (1.
1383 2622 1414 2645 c,
1439 2615 1484 2650 ΙΙ.
1505 2614 1623 2656 462),

240 2656 424 2689 Reicleius
455 2654 506 2697 (Ι,
531 2655 627 2698 tio),
666 2657 896 2690 Koellnerus
937 2661 991 2696 (p.
1018 2657 1183 2698 XXVII.)
1210 2660 1266 2691 al..
1315 2659 1486 2692 Ceterum
1512 2663 1623 2694 Petro

238 2710 366 2734 necem
388 2701 526 2733 illatam
550 2711 633 2733 esse
654 2703 796 2734 minime
821 2705 948 2735 narrat
967 2704 1133 2737 Clemens
1153 2708 1252 2738 Rom.
1280 2707 1327 2737 ad
1346 2706 1504 2738 Corinth.
1527 2717 1582 2747 ep.
1604 2710 1624 2740 Ι.

238 2757 272 2779 c.
294 2747 350 2791 5.,
382 2749 422 2779 ut
441 2747 544 2780 multi
564 2748 768 2781 etiamnunc
788 2751 959 2782 credunt:
1002 2750 1138 2793 Πέτρος
1167 2749 1228 2783 διὰ
1253 2751 1359 2790 ζῆλον
1391 2748 1522 2785 ἄδικον
1554 2750 1622 2796 οὐχ

239 2791 305 2826 ἕνα
331 2790 417 2827 οὐδὲ
444 2789 513 2827 δύο
534 2790 624 2826 dmi}
655 2795 822 2832 πλείοντες
851 2791 1053 2840 ὑπήνεγκεν
1078 2793 1213 2836 πόνοι-ς
1240 2797 1302 2830 καὶ
1321 2793 1416 2832 οὕτω
1439 2810 1556 2842 ⁴actor
1572 2791 1621 2831 11ss
