1752 3347
199 170 321 216 ''xiuv
643 163 1248 215 ‘PROLEGOMENAL

227 276 458 331 goi-iodrum
484 275 682 319 sententia
709 276 908 317 indixisse
925 275 1005 316 sibi
1021 277 1207 318 videntur
1229 280 1291 330 (v.
1315 276 1537 322 comment.
1557 279 1609 319 ad
1629 276 1701 329 14,

205 335 271 381 ’2.
289 335 362 378 21.
393 335 445 378 cl.
470 335 627 376 Seneca
646 348 710 387 ep.
731 334 829 376 108.
855 338 895 373 ct
922 333 1088 376 Eichh.
1108 334 1139 378 l.
1160 349 1198 378 c.
1229 349 1272 388 p.
1294 335 1436 388 222.):
1475 336 1529 379 11.
1548 337 1702 378 Roma-

226 405 373 433 norum
393 398 532 433 coetus
552 405 630 445 qno
649 398 828 444 tempore
853 390 899 432 P.
919 389 1137 443 epistolam
1159 393 1418 446 consignavit
1449 398 1487 432 et
1514 405 1705 433 numero-

229 462 300 491 sus
319 457 405 491 erat
426 450 496 503 16,
522 449 563 492 3.
583 462 672 500 sqq.
702 454 738 488 et
761 447 924 500 pietatis
946 447 1060 488 sama
1078 449 1281 490 claruerat
1306 452 1343 502 1,
1363 452 1407 493 8.
1431 450 1500 500 16,
1522 450 1592 491 19.
1633 449 1707 490 ΙΙΙ.

229 507 488 559 Quamquam
507 506 554 548 P.
573 506 728 547 nullam
744 504 1026 558 episcoporum
1040 511 1079 545 et
1102 506 1363 547 diaconorum
1384 506 1626 547 mentionem
1644 506 1708 546 in-

214 563 443 618 'jecitl‚7.,
472 569 605 605 tamen
626 563 730 603 tales
750 562 977 616 praefectos
996 574 1189 604 romanae
1209 564 1405 605 ecclesiae
1425 577 1507 603 non
1529 563 1707 603 defuisse

231 622 300 673 12,
323 621 366 664 6.
382 633 471 673 sqq.
500 620 710 664 indicavit.
766 619 840 661 lv,
856 619 951 660 Non
969 626 1128 661 mutuas
1146 628 1227 662 tum
1248 620 1482 662 inimicitias
1501 620 1711 661 Christia-

231 678 274 719 ni
296 684 335 718 et
355 676 496 718 sudaei
516 678 696 729 Romae,
732 681 776 717 ut
795 676 916 730 alibi,
954 682 1231 719 exercuerunt.
1284 679 1327 719 Id
1358 680 1475 719 credo
1503 677 1711 726 fatebitur,

232 733 299 785 qui
319 734 517 786 epistolae
533 734 581 787 1.,
608 735 713 775 unde
733 735 841 775 haud
859 735 1030 788 vulgare
1049 735 1311 787 Christianis,
1342 735 1409 788 qui
1429 742 1549 775 antea
1568 733 1710 775 ludaei

230 791 432 844 fuissent,
468 790 556 845 jud.
576 790 756 833 nationis
777 797 816 832 et
834 791 1077 845 disciplinae
1096 794 1271 833 studium
1287 793 1414 833 fuisse
1438 792 1629 833 discimus
1653 791 1712 845 (v-

233 847 379 904 supra)
398 861 487 889 cum
503 849 594 893 Act.
613 850 686 899 28,
707 850 776 889 22.
798 862 861 900 sq.
891 851 1162 903 contenderit,
1200 851 1268 890 ubi
1289 850 1428 890 ludaei
1448 849 1712 890 Christiano-

230 919 320 950 rum
341 911 493 960 sectam
506 918 606 947 sane
628 913 881 947 contemnunt
900 909 969 948 sed
988 920 1071 948 non
1089 907 1369 948 inclementius
1389 914 1456 947 aut
1479 907 1711 946 exulcerato

231 962 368 1003 animo
388 963 430 1003 in
449 975 539 1004 eam
557 964 816 1005 invehuntur.
871 965 921 1007 V.
943 964 1084 1005 Utrum
1101 965 1145 1008 P.
1165 964 1397 1016 Romanos,
1429 971 1470 1003 ut
1491 964 1714 1016 magistra-

233 1020 342 1061 tibus
366 1020 572 1061 obedirent
594 1021 664 1072 13,
686 1023 728 1063 l.
753 1034 867 1073 sqq.‚
903 1028 946 1061 ut
967 1021 1101 1061 mutua
1120 1022 1301 1062 viverent
1325 1021 1563 1072 com-ordia,
1593 1031 1716 1071 quum

234 1077 473 1128 opinionum
497 1091 731 1130 morumque
761 1078 1033 1130 discrepantia
1050 1093 1132 1118 non
1157 1079 1407 1119 consternati
1430 1078 1549 1117 alteri
1573 1077 1715 1118 alteris

235 1135 556 1186 obsequerentur
579 1149 616 1178 c.
637 1135 705 1178 14.
726 1140 765 1174 et
784 1135 877 1185 15.‚
907 1142 950 1175 ut
972 1147 997 1174 a
1015 1135 1170 1175 rixosis
1191 1142 1229 1175 et
1249 1136 1315 1186 qui
1335 1135 1412 1175 sibi
1431 1135 1566 1186 potius
1595 1146 1717 1186 quam

236 1191 407 1233 Christo
434 1192 682 1233 deservirent
709 1192 922 1243 magistris
947 1191 1024 1231 sihi
1054 1198 1243 1231 caverent
1268 1192 1420 1242 16‚17.
1441 1203 1533 1241 sqq.
1567 1191 1719 1230 ideireo

236 1249 473 1295 cohortatus
489 1250 553 1299 sit,
577 1249 679 1300 quod
700 1249 750 1287 ab
775 1248 915 1288 amicis
938 1248 1024 1287 suis
1050 1249 1170 1298 16,3.
1184 1262 1247 1299 sq.
1267 1250 1314 1287 de
1332 1248 1611 1288 Romanorum
1630 1255 1720 1287 stu-

236 1305 316 1346 diis
339 1306 487 1346 certior
515 1307 646 1347 factus
668 1319 718 1345 nc
738 1305 833 1355 quid
855 1317 971 1344 secus
1003 1304 1186 1345 facerent
1210 1305 1312 1346 nihil
1331 1304 1526 1345 admoniti
1552 1303 1721 1344 metuis-

237 1370 326 1414 set,
363 1375 418 1403 an
445 1363 488 1402 in
515 1364 752 1403 universnm
782 1361 858 1400 illa
884 1368 1099 1414 praecepta
1123 1362 1300 1414 dederit,
1344 1363 1451 1414 quod
1476 1362 1588 1402 vitiis
1618 1373 1720 1412 quac

237 1420 346 1461 alias
365 1420 555 1461 committi
575 1418 698 1460 sciret
709 1418 865 1458 Romae
884 1432 1040 1470 quoque
1060 1419 1192 1459 locum
1211 1433 1302 1460 esse
1322 1433 1447 1471 posse
1467 1419 1720 1469 credidisset,

237 1479 286 1518 de
317 1490 362 1518 eo
392 1488 544 1530 anceps
574 1482 635 1517 est
663 1474 894 1526 disputatio.
953 1475 1034 1526 Qui
1064 1476 1325 1526 posteriorem
1357 1475 1597 1516 sententiam
1627 1489 1722 1527 pro-

237 1535 366 1585 bant,
402 1535 480 1575 hoc
507 1546 629 1573 unum
657 1532 706 1573 P.
732 1545 769 1572 c.
792 1532 861 1572 12.
881 1544 969 1583 sqq.
998 1532 1132 1583 egisse
1166 1533 1409 1586 observant,
1451 1540 1494 1573 ut
1524 1532 1723 1573 Romanis

217 1588 348 1634 ‘vitae
367 1591 621 1631 sanctitatem
639 1587 864 1641 generatim
881 1590 1175 1630 commendaret
1199 1591 1265 1642 12,
1288 1592 1327 1632 l.
1350 1592 1394 1632 2.
1421 1591 1490 1641 15,
1512 1591 1595 1631 14..
1640 1591 1724 1629 lta-

241 1661 317 1701 que
345 1645 418 1689 eas
442 1648 558 1688 illum
587 1645 880 1687 admonitiones
902 1646 1118 1696 posuisse,
1156 1660 1257 1698 quas
1285 1647 1542 1698 hominibus,
1580 1647 1722 1699 quales

216 1704 322 1751 ‚sibi
347 1706 556 1747 Romanos
582 1703 794 1754 finxisset,
831 1705 1034 1743 commode
1063 1705 1152 1743 dari
1179 1711 1374 1756 putasset.
1434 1705 1514 1744 Sed
1542 1712 1585 1743 ut
1611 1705 1723 1756 prio-

240 1776 326 1804 rem
353 1763 590 1803 sentcntiam
615 1773 755 1800 veram
775 1772 866 1813 esse
887 1760 1117 1800 existimem
1137 1774 1299 1801 moveor
1328 1762 1417 1801 loco
1441 1763 1510 1814 15,
1533 1762 1602 1803 14.
1627 1762 1725 1811 15„

241 1821 310 1859 nbi
329 1820 376 1862 P.
396 1820 525 1861 fuisse
546 1821 648 1870 quod
668 1817 749 1857 ista
770 1817 967 1858 Romanis
987 1819 1233 1869 praeciperet
1254 1818 1567 1871 adsignificnvit.
1605 1818 1725 1867 Quod

243 1883 436 1918 autem-et
456 1883 555 1918 tecte
573 1882 610 1916 et
631 1875 775 1915 leniter
794 1875 1083 1915 nonnullorum
1101 1876 1378 1916 Romanorum
1399 1876 1534 1916 studia
1553 1875 1727 1925 taxavit,

222 1933 408 1974 '‘id-fecit
436 1947 589 1975 memor
618 1932 906 1984 humanitatis,
948 1945 1050 1984 quae
1071 1947 1121 1973 ne
1141 1940 1333 1986 peecata,
1371 1934 1418 1973 de
1438 1933 1582 1985 quibus
1607 1931 1727 1972 amici

243 1991 503 2033 familiariter
534 1990 745 2031 nobiscnm
775 1989 1132 2043 coimnunicarint,
1172 1991 1402 2032 hominibus
1431 1990 1579 2044 ignotis
1604 1990 1728 2031 vehe-

245 2051 401 2091 menter
419 2050 710 2103 exprobremus
733 2052 855 2090 vetat.

957 2223 969 2237 .
1007 2191 1053 2236 3.

382 2282 472 2333 DE
506 2281 704 2332 PAULI
741 2280 832 2330 AD
866 2192 1202 2331 RgMANOS
1246 2279 1594 2333 EPISTOLA.

962 2408 1008 2439 a·

652 2476 716 2511 DE
742 2474 1008 2511 EPISTOLAE
1033 2475 1328 2509 AUTuEN'rIA.

364 2551 473 2602 Quin
499 2551 740 2607 epistolam,
781 2565 882 2604 quae.
911 2563 937 2592 a
956 2551 1084 2592 Paulo
1112 2551 1191 2603 Ap.
1214 2565 1258 2593 se
1290 2552 1342 2592 ad
1363 2550 1571 2592 Romanos
1596 2549 1731 2591 datam

252 2610 347 2664 ipsa
371 2608 578 2662 profitetur
601 2613 639 2665 1,
660 2612 703 2655 l.
723 2610 766 2655 7.
789 2612 856 2655 15.
870 2608 942 2666 ἢ),
980 2610 1026 2654 P.
1060 2617 1098 2650 et
1117 2609 1330 2651 confecerit
1350 2615 1387 2649 et
1406 2606 1602 2649 Romanis
1625 2607 1733 2647 scri-

298 2757 338 2799 ‘J
364 2759 469 2791 Nihili
487 2767 568 2792 csse
587 2768 710 2793 corum
724 2786 732 2800 ,
758 2761 816 2803 qul
833 2763 934 2796 nom.
947 2761 1024 2799 ¹.7·
1050 2757 1090 2792 ἐν
1105 2755 1224 2804 Ῥώμῃ
1244 2758 1433 2793 omittunt.
1457 2755 1645 2789 lectionem
1671 2754 1730 2796 (cf.

347 2807 390 2838 G.
412 2808 538 2840 llocnt.
572 2809 607 2839 vt
629 2809 736 2840 schot.
763 2808 840 2839 cod.
859 2809 934 2840 ltoc
955 2812 988 2840 2.
1014 2807 1124 2846 [47.]:
1160 2802 1200 2838 τὸ
1221 2803 1260 2837 ἰν
1277 2799 1397 2847 Ῥώμῃ
1425 2799 1507 2834 οὔτε
1527 2801 1567 2834 ἐν
1590 2801 1629 2848 τῇ
1649 2800 1730 2842 ἔξη*

345 2848 447 2895 γήσει
470 2854 602 2895 [neque
619 2854 653 2888 iu
674 2854 923 2895 enarratione]
945 2849 1024 2887 οὔτε
1046 2851 1084 2887 ἐν
1104 2851 1152 2897 τῷ
1172 2850 1266 2897 ῥιμῷ
1287 2851 1418 2894 [neque
1439 2850 1473 2885 in
1492 2849 1610 2892 textu]
1635 2858 1730 2893 μνη-
