1752 3347
534 191 625 236 CA
643 191 692 236 Ρ.
726 190 764 235 l.
807 191 898 235 vs.
928 191 970 234 3.
1002 195 1055 233 et
1083 190 1128 233 4.
1521 185 1574 227 u

97 294 163 354 ὁρ.
184 296 284 342 υἱοῦ
300 299 415 341 θεοῦ
431 323 487 330 --
506 297 556 351 ἐξ
570 296 852 348 ἀναστάσεως
871 300 1054 350 νεκρῶν,
1080 291 1143 354 ἢν
1169 294 1383 347 πνεῦμα
1411 290 1577 346 &ymo-f

96 355 266 412 σύνης
293 371 365 413 πρ
380 356 462 397 aaz
476 371 573 398 πεν
594 357 699 399 Act.
725 358 763 407 l,
777 357 863 399 16..
924 353 1013 397 Per
1032 369 1072 398 v.
1103 353 1158 395 ab
1176 350 1400 410 Apostolo
1428 348 1578 406 posita

96 412 275 454 nonnisi
294 412 357 454 sic
377 412 663 469 interpretari
689 413 815 456 licet:
851 411 1121 467 praedixisse
1146 409 1347 467 spiritum
1375 422 1412 449 ε.
1444 406 1490 447 in
1523 405 1576 449 V.

101 469 153 512 T.
192 468 333 527 fore,
391 475 439 512 ut
479 472 670 514 Clu-istus
706 470 794 512 Del
836 469 953 523 filius
988 474 1097 510 tum
1131 465 1576 514 constitueretur,

96 541 250 625 guum.
280 527 449 569 vitam
478 532 717 570 mortuus
750 527 1067 581 recepisset.
1125 525 1194 566 At
1222 523 1302 564 hoc
1331 534 1418 562 non
1446 533 1577 576 prae-

130 583 262 625 ictum
284 587 353 624 est
374 583 418 624 in
438 583 496 627 V.
515 583 592 626 T..
647 581 779 624 Adde
839 582 925 624 uod
953 582 1036 624 istst
1070 580 1365 639 explicatione
1391 575 1579 618 manife-

96 644 167 681 sta
203 639 426 696 oppositio
453 640 653 691 tollitur,
698 639 782 694 quai
808 597 894 691 (P,
932 644 983 680 ut
1013 639 1145 693 vulgo
1175 639 1358 695 putant,
1392 649 1435 678 v.
1464 629 1579 674 κατὰ

97 696 270 748 πνεῦμα
289 689 558 753 ἁγιωσύνης,
590 699 639 736 ut
659 695 767 736 mihi
787 694 987 748 videtur,
1017 709 1135 739 vocc.
1157 694 1201 737 ἐν
1227 691 1432 745 δυνάμει,
1465 685 1578 731 κατὰ

97 767 169 793 πν.
190 750 256 808 ἀγ.
269 782 280 800 ,
313 749 361 800 ἐξ
378 749 441 795 ἂν.
462 752 624 809 νεκρῶν
643 755 799 793 cuncta
818 751 874 793 ad
893 748 1004 793 κατὰ
1026 749 1169 804 σάρκα
1189 766 1256 793 vs,
1277 750 1320 793 3.
1338 748 1479 790 relata
1503 760 1580 789 vo-

97 808 213 852 luit:
258 806 425 851 Eodem
451 812 710 865 argumento
733 807 1036 863 Chrysoswmi,
1079 807 1305 862 Theophyl.
1333 806 1392 849 al.
1424 803 1580 861 expla-

97 865 220 908 natio
238 865 513 923 repudianda
531 870 624 909 est:
648 865 721 924 qui
740 866 995 907 constitutus
1013 863 1174 906 estDei
1186 862 1305 918 filius
1324 887 1380 893 ——
1396 874 1580 903 secuu-

97 923 217 966 dum
266 923 532 978 spiritum
579 923 652 975 8.‚'
698 936 846 979 quem
895 921 1152 963 nimirum
1203 917 1582 962 sectatoribus

97 979 215 1022 suis
243 978 486 1036 laryitus
502 985 566 1023 est
588 979 710 1034 [Joh.
731 977 880 1031 15,26.
902 978 1011 1022 Act.
1033 992 1070 1021 c.
1087 978 1169 1031 2.].
1225 974 1433 1027 Accedit,
1463 970 1583 1030 quod

99 1035 181 1078 hoc
208 1040 339 1094 pacto
369 1051 412 1081 v.
441 1036 553 1079 κατὰ
583 1039 756 1089 πνεῦμα
786 1031 1033 1092 ἁγιωσύνης
1069 1033 1230 1076 melius
1257 1037 1361 1090 post
1386 1045 1505 1074 vocc.
1535 1027 1586 1079 ἐξ

99 1089 384 1143 ἀναστάσεως
400 1095 561 1151 νεκρῶν
582 1092 636 1137 P.
656 1093 979 1136 collocavisset.
1039 1090 1129 1134 Sed
1152 1090 1316 1132 falsum
1339 1093 1431 1140 est,
1465 1083 1585 1144 quod

100 1148 480 1204 11101ῐ1ἶ11001101·ἰ.,
521 1151 583 1193 sic
606 1165 786 1193 necesse
813 1165 937 1202 esse,
973 1151 1024 1191 ut
1049 1144 1161 1190 κατά
1189 1147 1304 1188 male
1333 1145 1585 1202 explicetur

98 1220 192 1261 per.
249 1205 384 1249 Esset
402 1207 518 1249 enim
538 1209 610 1251 vel
631 1208 692 1249 ita
715 1206 825 1248 κατά
846 1207 1074 1249 secundum
1092 1210 1136 1247 et
1154 1205 1298 1247 locum
1321 1217 1449 1245 suum
1474 1201 1585 1243 hene

101 1266 324 1306 tueretur.
391 1263 516 1306 Vera
549 1270 619 1307 est
655 1265 828 1317 Bezae,
885 1263 1074 1315 Galim,
1114 1260 1382 1314 carnei-onis,
1428 1257 1586 1311 Wolff,

100 1319 296 1362 Boehme'i
312 1319 589 1378 aliorumque
609 1320 942 1378 interpretatio,
973 1335 1085 1376 quae
1103 1319 1189 1360 huc
1217 1317 1359 1360 redit:
1390 1315 1463 1373 qui
1488 1328 1586 1357 con-

101 1376 280 1418 stitutus
311 1382 376 1419 est
401 1378 490 1420 Dee·
513 1379 633 1433 filius
652 1377 1017 1420 ——secundum
1044 1376 1313 1432 spiritum
1339 1387 1376 1417 ε.
1409 1371 1507 1414 scil.
1539 1369 1589 1412 ei

101 1432 371 1475 divinitus
401 1448 727 1479 concessum.
786 1433 903 1477 Nam
933 1438 1030 1476 erat
1057 1433 1102 1474 in
1131 1430 1382 1490 primariis,
1421 1427 1588 1485 quibus

101 1488 294 1531 Messias
315 1492 521 1545 cognosci
540 1496 693 1549 posset
712 1492 831 1533 notis
851 1491 982 1543 haec,
1008 1494 1058 1531 ut
1077 1488 1165 1532 div.
1190 1488 1378 1546 spiritus
1408 1484 1587 1527 dotibus

100 1545 226 1601 large
245 1550 366 1588 esset
384 1547 631 1590 instructus
648 1547 812 1591 Matth.
823 1548 904 1608 s12,
914 1547 988 1590 28.
1007 1546 1118 1590 Luc.
1136 1546 1180 1598 4,
1194 1548 1235 1589 l.
1256 1545 1328 1588 18.
1348 1543 1452 1588 1011.
1468 1541 1587 1595 3,34.

101 1603 213 1646 Act.
237 1603 307 1656 10,
318 1603 409 1648 38..
465 1604 583 1647 Hinc
612 1604 746 1649 Jesus
775 1603 939 1646 dicitur
971 1605 996 1645 l
1017 1603 1139 1647 Tim.
1160 1603 1289 1655 3‚16.
1316 1616 1368 1644 eo
1392 1599 1589 1642 Messias

101 1659 437 1718 comprobatus,
475 1661 592 1719 quod
623 1661 785 1719 spiritu
813 1660 903 1705 div.
933 1664 1120 1703 ornatus
1149 1663 1286 1703 esset.
1359 1656 1590 1714 Sequitur,

103 1719 154 1759 ut
173 1723 444 1774 exponatur,
473 1734 551 1761 cur
572 1717 628 1764 P.
657 1720 701 1763 h.
720 1719 755 1762 l.
783 1716 894 1760 κατὰ
923 1718 1097 1770 πνεῦμα
1121 1711 1462 1773 ἁγιωσύνης,
1501 1727 1589 1754 non

104 1771 214 1815 κατὰ
242 1776 417 1828 πνεῦμα
442 1772 569 1832 ἅγιον
597 1776 847 1834 scripserit.
924 1774 1056 1830 Quod
1086 1774 1162 1831 qui
1188 1774 1354 1815 factum
1387 1769 1589 1823 credunt,

104 1844 159 1872 nc
181 1830 282 1887 quis
303 1836 381 1874 aut
398 1831 451 1875 de
473 1834 637 1892 spiritu
659 1848 695 1876 s.
709 1866 720 1885 ,
748 1832 885 1875 tertia
905 1832 1150 1875 Trinitatis
1180 1829 1369 1888 persona
1384 1862 1396 1882 ,
1429 1828 1589 1884 [Beza‚

104 1887 282 1941 Heum.]
313 1894 390 1931 aut
420 1889 474 1933 de
505 1890 899 1942 extraordinariis,
950 1904 1063 1947 quae
1092 1891 1272 1941 vocant,
1319 1886 1508 1944 spiritus
1548 1897 1588 1927 s-

104 1944 361 1987 muneribus
382 1948 679 2000 [Tleolucciusg
707 1947 763 1990 cf.
797 1949 822 1989 1
851 1946 956 1993 Cor.
979 1945 1089 2000 12,4
1108 1948 1196 2002 sq.]
1223 1944 1464 2000 cogitaret,
1501 1941 1590 1983 fal-

103 2002 275 2045 luntur.
332 2002 464 2045 Nihil
483 2005 598 2046 enim
627 2004 867 2061 quidquam
896 2005 1071 2057 πνεῦμα
1103 1999 1229 2059 ἅγιον
1255 2002 1301 2043 111
1331 2005 1424 2043 toto
1444 1997 1506 2042 N.
1527 1996 1589 2041 Τ.

107 2058 354 2114 significat,
382 2061 471 2103 nisi
492 2061 700 2120 spiritum
725 2076 761 2105 5.
791 2062 823 2106 1.
852 2076 892 2105 e.
918 2066 1124 2103 naturam
1151 2059 1275 2101 illam
1302 2056 1591 2113 auyustiorem

106 2117 213 2171 (non
233 2117 322 2158 vim
336 2116 471 2173 div.),
502 2134 633 2175 quam
654 2133 779 2160 nemo
801 2119 978 2174 ignorat
1007 2116 1114 2173 [vid.
1145 2115 1203 2157 ad
1220 2115 1381 2157 Matth.
1412 2128 1457 2171 p.
1477 2112 1590 2166 40.]‚

107 2186 249 2233 neque
266 2173 310 2217 h.
329 2175 362 2218 l.
382 2175 471 2217 nisi
492 2175 545 2218 de
566 2176 645 2217 illo
667 2175 842 2234 Spiritu
866 2192 903 2219 5.
925 2174 1091 2230 agitur.
1147 2173 1276 2225 Alii,
1306 2176 1355 2213 ut
1373 2169 1591 2212 Lutherus

108 2233 154 2270 et
172 2228 421 2285 Boelmu'us,
449 2228 695 2290 ἁγιωσύνης
714 2233 925 2276 vocabulo
939 2231 1138 2289 Spiritus
1158 2245 1196 2274 5.
1209 2262 1220 2283 ,
1247 2228 1473 2271 hominum
1491 2224 1589 2266 ani-

109 2299 203 2326 mos
222 2286 457 2330 lustrantis
486 2305 741 2348 morumque
771 2290 1053 2332 sanctitatem
1081 2285 1383 2345 promoventis
1400 2282 1528 2339 [Gal.
1547 2280 1592 2334 5,

107 2341 201 2407 22]
221 2341 410 2387 indolem
431 2350 477 2388 et
495 2351 697 2389 naturam
717 2347 911 2389 describi
930 2350 1110 2404 putant:
1147 2344 1219 2401 qui
1242 2340 1498 2385 constitutus
1524 2342 1591 2380 est

110 2399 196 2441 Dee
213 2398 332 2452 filius
354 2404 583 2445 secundum>
609 2405 837 2460 spiritum,
880 2400 1214 2446 sanctitatis
1242 2398 1298 2454 [2
1329 2397 1432 2441 Cor.
1459 2395 1588 2449 7,1·]

63 2503 68 2506 N
110 2460 345 2520 auctorem.
403 2457 491 2500 Sed
511 2475 642 2516 quum
665 2461 778 2503 nihil
798 2460 956 2512 fuerit,
998 2473 1076 2501 cur
1095 2453 1149 2500 P.
1178 2456 1223 2499 h.
1250 2456 1282 2498 l.
1304 2454 1523 2513 Spiritum
1549 2466 1590 2495 s-

109 2512 291 2554 virtutis
310 2513 524 2557 humanae
543 2518 761 2560 fautorem
782 2518 1051 2568 celebraret,
1088 2512 1277 2555 Paulum
1297 2512 1342 2554 in
1362 2511 1442 2553 hac
1472 2523 1594 2552 com-

111 2572 230 2610 moto
250 2569 393 2611 animo
414 2573 669 2627 consignata
688 2574 978 2632 inscriptione
1007 2569 1117 2613 κατὰ
1144 2569 1316 2621 πνεῦμα
1342 2564 1594 2624 ἁγιωσύνης

110 2627 342 2668 secundum
370 2628 627 2683 spiritum
663 2631 1024 2681 sanctitutis,
1061 2632 1111 2669 ut
1141 2626 1385 2684 pleniorem
1411 2623 1589 2680 gravio-

111 2695 293 2740 remque
314 2685 572 2738 formulam,
609 2701 739 2742 quam
760 2686 1022 2744 simpliciter
1040 2682 1150 2725 κατὰ
1169 2684 1341 2737 πνεῦμα
1368 2680 1493 2738 ἅγιον
1520 2695 1590 2723 se-

113 2741 296 2788 cundum
316 2756 373 2792 sp
388 2742 400 2783 ἱ
407 2742 456 2785 ri
464 2748 520 2785 tu
531 2757 573 2784 m
589 2758 625 2786 S.
647 2758 808 2801 ponere
828 2743 1038 2785 maluisse
1057 2740 1267 2784 arbitror.
1328 2737 1377 2790 ἐξ
1393 2734 1592 2780 ἀναστά-

114 2809 225 2845 σεως
251 2800 430 2855 νεκρῶν]
470 2799 558 2841 Η15
587 2815 627 2843 v.
661 2801 820 2844 Christi
845 2800 1035 2842 reditum
1064 2813 1120 2841 ex
1150 2797 1331 2850 inferis,
1380 2810 1466 2838 non
1493 2800 1589 2837 tum

115 2851 290 2898 Christi
317 2861 408 2898 tum
436 2861 683 2900 ceterorum
710 2861 980 2901 mortuorum
1007 2855 1373 2899 resurrectionem
1399 2850 1591 2895 indicari
