1752 3347
232 222 315 267 108
509 220 887 265 EPISTOLA
927 220 1031 263 AD
1063 221 1425 265 ROMANOS

228 334 300 371 tra
336 325 608 385 ἐργάζεσθαι
640 325 790 384 facere
813 326 1082 384 simpliciter
1111 326 1347 370 declarans
1373 325 1428 369 de
1454 328 1562 370 bene
1589 328 1705 369 facto

228 390 291 441 (v.
321 385 391 428 10.
421 384 530 429 Aet.
561 382 737 438 10,35-.)
761 387 807 425 et
837 381 895 424 de
922 384 1137 431 maleficio
1167 383 1350 440 (Matth.
1389 384 1702 440 7‚23.)-aeque

229 445 486 499 usurpatur.
543 438 765 484 Similiter
780 441 1015 483 vernacule
1035 440 1222 484 dicimus
1243 446 1315 487 bae
1335 443 1444 488 &ute
1463 440 1602 494 uben,
1631 446 1704 487 cas

229 503 335 557 Qbse
363 501 603 548 Detfiben.
665 498 886 544 Ἰουδαίου
916 518 965 544 τε
999 504 1178 557 πρῶτον
1204 504 1280 546 καὶ
1299 501 1530 557 ‘'Ezaryog]
1571 498 1626 544 G.
1655 504 1695 544 l.

226 554 298 609 37
330 560 585 617 Ἰουδαίῳ
621 577 670 604 τε
700 561 883 618 πρῶτον
909 559 1239 619 καὶ“Έλ).ηνι.
1316 563 1461 605 Erunt
1496 563 1702 614 fortasse,

226 621 386 678 quibus
414 620 522 662 haec
548 619 770 677 scriptura
797 618 1047 674 elegantiae
1075 621 1243 678 specie,
1286 634 1549 677 quamquam
1577 618 1704 671 vana,

224 676 503 730 blandiatur,
534 677 637 732 quia
656 675 767 718 duas
789 680 1063 728 structuras,
1093 692 1222 718 unam
1247 703 1299 709 —
1321 675 1584 732 στενοχωρία
1610 673 1706 716 ἐπὶ

225 735 410 777 πᾶσαν
433 732 581 789 ψυχὴν
607 729 915 789 ἀνθρώπου
938 759 1012 783 —‚
1041 732 1322 776 Ἰουδαίου
1351 751 1386 775 κ.
1418 750 1456 775 τ.
1486 734 1548 782 L,
1593 731 1704 773 alte·

224 806 317 833 ram
337 816 391 823 —
409 788 679 846 στενοχωρία
698 791 870 832 παντὶ
892 788 1167 846 ἀνθρώπῳ
1189 787 1358 832 -Ἰυν
1373 789 1513 846 ὁαίῳ
1535 806 1572 830 κ.
1594 803 1629 830 τ.
1650 788 1702 833 λ.,

223 848 481 891 commistas
520 847 739 889 contineat
769 847 848 902 (cf.
875 853 967 891 not.
999 847 1055 889 ad
1081 849 1120 900 1,
1136 848 1242 903 12.).
1316 847 1506 889 Temere
1539 845 1654 888 enim
1680 859 1704 885 e

222 920 262 949 v.
286 906 356 948 10.
385 919 412 947 a
438 903 641 947 librariis
669 909 876 962 suscepta
905 909 990 948 est.
1050 903 1273 947 Summam
1304 911 1449 946 autem
1479 902 1703 944 miseriam

221 961 438 1016 improbos
455 961 727 1016 potissimum
757 962 943 1003 Jmlaeos
973 976 1146 1003 manere
1169 960 1218 1003 P.
1249 962 1507 1017 profitetur,
1544 963 1593 1000 ut
1626 957 1703 998 ho-

222 1018 362 1061 mines
393 1016 745 1060 extraordinaria
783 1018 1069 1060 institutione
1104 1033 1127 1059 a
1158 1017 1257 1059 Deo
1294 1016 1516 1070 dignatos.
1587 1013 1703 1056 Nam

221 1080 387 1132 quanto
416 1074 574 1117 melius
599 1075 686 1116 Dei
717 1089 876 1131 praece
910 1081 953 1117 ta
981 1074 1240 1129 cognoveris
1268 1078 1391 1115 tanto
1420 1074 1521 1131 plus·
1549 1072 1705 1128 cnlpae

221 1131 468 1186 sustineas,
499 1146 631 1188 quum
651 1132 726 1173 illa
747 1145 833 1172 non
854 1147 881 1173 o
899 1131 1109 1173 ›servaris
1129 1132 1238 1174 Luc.
1263 1131 1332 1183 12,
1342 1131 1414 1174 47.
1435 1131 1526 1173 48..
1585 1128 1700 1172 Con-

219 1195 291 1232 tra
309 1190 405 1247 Ap.
426 1203 467 1233 V.
490 1190 559 1232 10.
579 1189 788 1243 gloriam,
819 1188 1028 1230 bonorem
1048 1193 1092 1230 et
1113 1188 1370 1230 felicitatem
1394 1187 1541 1242 probis
1566 1186 1704 1242 potis-

219 1247 376 1289 simum
390 1246 566 1288 ,ludaeis
587 1250 830 1299 auguratur
855 1245 1049 1298 idcirco,
1089 1246 1190 1301 quia
1223 1243 1490 1289 Judaeorum
1522 1241 1705 1293 nationi,

252 1317 335 1346 uae
367 1303 412 1344 in
442 1303 522 1343 sua
551 1308 673 1343 esset
700 1302 934 1354 clientela,
974 1302 1226 1344 beatitatem
1257 1316 1362 1358 prae
1390 1300 1550 1343 ceteris
1577 1299 1705 1342 Deus

220 1318 493 1402 destinasset
514 1359 591 1411 (cf.
612 1362 704 1402 not.
725 1357 781 1400 ad
802 1360 967 1414 1‚16.).
1027 1358 1117 1401 Sed
1149 1359 1264 1415 quod
1285 1358 1334 1402 P.
1354 1358 1500 1401 Deum
1533 1355 1703 1398 unicui-

220 1431 304 1473 que
325 1414 541 1473 quidquid
559 1416 689 1457 factis
713 1416 808 1457 suis
829 1416 1101 1473 promeritus
1127 1417 1261 1458 fuerit
1290 1415 1529 1472 aliquando
1557 1412 1704 1456 reddi-

217 1479 367 1516 turum
386 1487 486 1515 esse
506 1487 548 1516 v.
566 1474 610 1516 6.
632 1472 894 1524 affirmavit,
931 1472 978 1515 id
1011 1473 1216 1530 quoniam
1250 1488 1345 1515 cum
1377 1473 1457 1514 hac
1475 1472 1570 1528 Ap.
1602 1484 1702 1512 sen-

218 1530 382 1573 tentia:
411 1531 708 1585 inteyrt'tatcm
738 1544 846 1571 (uae
868 1531 962 1572 Deo
989 1534 1163 1584 placeat
1189 1535 1229 1571 et
1258 1536 1481 1571 aeternam
1506 1528 1698 1585 felicita-

220 1593 308 1630 tem
328 1587 491 1644 afferat
512 1585 631 1642 fide
659 1587 712 1629 in
732 1545 950 1628 blm-fsto
972 1586 1183 1640 reposit
1199 1589 1227 1626 t?
1247 1586 1493 1640 comparari
1510 1585 1586 1640 (cs.
1610 1589 1700 1625 not.

218 1642 275 1685 ad
293 1643 439 1697 1‚17.)
459 1657 610 1699 parum
632 1644 869 1684 convenire
896 1643 1037 1684 visum
1065 1648 1156 1693 est,
1197 1643 1299 1684 cura
1333 1646 1376 1684 ct
1405 1640 1705 1683 sollicitudine

220 1700 478 1754 Theologos
498 1698 662 1743 affecit.
721 1696 823 1754 Qua
852 1704 901 1740 ut
928 1699 1099 1740 animos
1125 1699 1390 1750 liberarent,
1422 1696 1703 1754 quemadmo-

219 1757 321 1800 dum
363 1756 493 1797 etiam
523 1756 636 1798 alias
663 1770 794 1813 saepe
821 1755 1044 1810 fecerunt,
1083 1754 1270 1799 Paulum
1302 1755 1389 1797 sibi
1414 1761 1619 1797 constare
1646 1769 1705 1796 ea·

218 1828 324 1858 snae
342 1813 516 1868 quisque
534 1818 677 1855 sectae
692 1812 872 1867 placitis
893 1812 1047 1870 cupide
1068 1813 1303 1855 ostendere
1325 1813 1468 1854 conati
1495 1819 1596 1854 sunt
1622 1812 1700 1864 (cs.

218 1887 260 1915 v.
276 1885 314 1913 c.
336 1869 664 1912 Melcmtlwnem
682 1870 726 1911 in
746 1869 1086 1913 Commentariis
1109 1869 1164 1911 ad
1187 1871 1230 1913 h.
1266 1871 1298 1913 l.
1331 1876 1375 1911 et
1397 1870 1699 1921 Buldm‘tmm).

219 1929 290 1972 Ac
310 1927 349 1968 si
370 1925 423 1970 P.
444 1925 488 1969 h.
510 1926 542 1969 l.
561 1927 612 1967 de
630 1926 876 1969 hominibus
900 1928 1050 1970 christ.
1080 1934 1341 1984 exponeret,
1382 1927 1478 1968 sinc
1506 1927 1595 1967 ulla
1632 1940 1701 1966 re.-

217 1983 455 2043 pugnantia
482 1982 527 2024 in
557 1996 912 2040 unumquemque
944 1983 1161 2026 hominem
1193 1984 1348 2027 christ.
1374 1998 1454 2038 pro
1482 1984 1702 2040 factorum

199 2042 372 2084 >merito
394 2040 540 2082 Deum
562 2038 804 2097 aliquando
832 2041 1134 2082 consulturum
1165 2056 1261 2083 esse
1288 2056 1329 2084 ν.
1357 2043 1399 2083 6.
1428 2038 1592 2081 diceret
1623 2039 1700 2093 (cf.

218 2099 247 2141 2
266 2097 369 2142 Cor.
390 2097 511 2150 5,10.
536 2096 650 2154 Eph.
671 2097 806 2150 6,8.).
865 2098 979 2139 Bam
1000 2112 1131 2154 quum
1147 2097 1257 2152 fides
1281 2114 1303 2140 a
1329 2096 1379 2141 P.
1409 2095 1699 2138 commendari
1730 2100 1732 2102 ’

221 2155 354 2198 solita
375 2168 460 2196 non
481 2153 697 2214 disjuncta
719 2153 784 2196 sit
801 2168 825 2195 a
843 2155 1029 2208 virtute,
1070 2154 1148 2196 sed
1179 2169 1272 2197 cum
1307 2155 1354 2197 ea
1388 2155 1516 2211 plane
1545 2167 1700 2194 conso-

219 2213 333 2255 ciata
351 2212 430 2268 (cf.
451 2215 542 2254 not.
568 2210 624 2252 ad
648 2212 815 2264 l‚17.),
855 2212 934 2253 illa
961 2227 1044 2253 vox
1074 2211 1129 2254 ad
1158 2212 1266 2253 banc
1295 2211 1558 2253 sententiam
1585 2209 1700 2252 redi-

219 2272 310 2312 re't:
337 2269 472 2311 talem
505 2282 858 2324 unumquemque
887 2269 1101 2310 hominem
1129 2269 1283 2312 christ.
1313 2284 1334 2310 a
1358 2268 1454 2310 Deo
1481 2269 1698 2310 fortunam

220 2326 498 2378 habiturum,
540 2340 651 2382 quae
678 2324 894 2384 cujusque
919 2323 1023 2380 fidei.
1048 2325 1327 2383 respondeat.
1388 2326 1455 2367 At
1483 2339 1614 2381 quum
1645 2323 1700 2366 de

222 2383 422 2426 omnibus
444 2383 691 2440 promiscue
714 2382 965 2425 hominibus
988 2387 1090 2435 agat
1111 2397 1159 2423 ac
1183 2383 1328 2436 probis
1350 2383 1525 2424 Jmlavis
1551 2387 1592 2424 c!
1618 2380 1718 2437 'nb'

220 2441 345 2495 yemis
363 2440 478 2482 vitae
496 2445 700 2482 aeternae
721 2439 975 2484 felicitatem
996 2455 1016 2481 s
1037 2438 1206 2481 tondeat
1237 2447 1298 2494 (v,
1318 2441 1360 2481 7.
1383 2446 1426 2481 et
1453 2441 1566 2493 10.),
1597 2452 1710 2485 sane·

224 2511 374 2554 parum
394 2501 647 2539 constanter
664 2496 923 2554 his-aliquid
952 2497 996 2540 h.
1024 2455 1055 2540 l.
1083 2496 1320 2538 concedere
1347 2496 1544 2544 videtur,
1584 2493 1700 2552 quod

224 2558 269 2596 et
286 2554 398 2595 alias
419 2554 473 2595 ab
495 2554 550 2595 iis
572 2553 817 2614 abjudicet,
848 2560 889 2595 et
912 2554 953 2596 b.
973 2554 1004 2596 l.
1020 2587 1030 2605 ,
1062 2554 1098 2595 si
1122 2554 1206 2595 sibi
1226 2554 1473 2595 consentire.
1498 2552 1700 2605 voluerit,

224 2609 280 2651 ab
300 2610 355 2651 iis
375 2610 626 2669 abjudicare
648 2610 866 2653 debuerit.
913 2611 949 2652 *N
960 2616 1055 2666 egat
1078 2611 1190 2652 enim
1212 2611 1406 2655 ,ludaeos
1427 2618 1466 2652 ct
1491 2622 1699 2667 paganos,

162 2672 164 2678 ’
227 2666 365 2724 quiin
389 2668 666 2721 gravissimis
685 2668 877 2725 peccatis
894 2672 1125 2710 teneantur
1145 2669 1236 2720 3,9.
1260 2683 1353 2724 sq..
1384 2669 1437 2709 iis
1463 2681 1562 2708 esse
1592 2665 1698 2706 viri-

226 2724 334 2778 bus,
362 2729 413 2770 ut
440 2739 570 2780 quum
598 2726 848 2783 praeceptis
878 2724 966 2769 div.
1000 2730 1153 2767 exacte
1182 2726 1500 2772 satisfecerint,
1537 2722 1696 2779 sempi-

225 2785 394 2824 ternam
431 2780 682 2825 beatitatem
722 2782 831 2824 bene
869 2780 1037 2839 agendo
1079 2782 1166 2825 sibi
1194 2786 1407 2840 quaerant
1435 2780 1488 2821 ob
1515 2794 1697 2835 eamque

228 2851 320 2880 rem
347 2834 477 2881 fidem
508 2839 552 2879 in
581 2838 762 2883 Christo
791 2838 1085 2898 reponendam
1113 2854 1241 2891 esse,
1285 2844 1331 2880 nt
1359 2837 1456 2879 Dee
1504 2836 1721 2878 ›robatus

230 2897 456 2939 aeternam
471 2894 724 2939 felicitatem
746 2897 1033 2953 consequaris
1062 2896 1249 2951 (3,22.)‚
1285 2893 1425 2938 docet.
1506 2892 1699 2949 anidem
