1752 3347
240 141 329 185 33⁸
525 135 902 181 EPISTOLA
944 139 1048 182 AD
1078 138 1441 188 ROMANOS

244 250 354 295 (non
388 245 544 287 mortis
572 244 761 303 imperio
789 244 995 299 obnoxii)
1036 245 1303 301 regnabunt.
1380 247 1719 308 βασιλεύσουσι]

244 300 344 345 Hoc
372 315 412 344 v.
433 316 516 343 non
545 302 734 357 figurate
761 305 984 359 (magnam
1013 302 1277 356 dignitatem
1308 301 1521 360 adipisci,
1551 306 1721 350 altissi-

243 373 362 402 mum
392 359 623 402 felicitatis
657 358 840 415 gradum
871 362 1108 417 consequi,
1147 375 1188 403 v.
1207 360 1476 418 interpretes
1494 360 1549 402 ad
1571 363 1595 403 1
1617 362 1722 409 Cor.

240 416 285 468 4,
308 415 398 469 8.),
428 415 506 458 sed
526 417 706 475 proprie
726 416 986 474 capiendum
1008 423 1092 461 est.
1151 416 1323 474 Utique
1343 419 1457 459 enim
1481 418 1571 475 piis
1592 418 1723 462 Chri-

239 472 302 515 sti
321 473 513 515 alumnis
533 488 710 530 reyrmm
731 473 937 531 portendi
958 474 1204 533 incorrupti
1217 474 1378 534 judicii
1401 475 1623 533 interpres
1651 477 1723 518 lo-

238 530 305 572 cis
328 529 491 574 Matth.
513 532 580 583 19,
600 531 672 575 28.
701 530 811 574 Luc.
831 531 903 583 22,
922 532 993 575 30.
1028 534 1050 573 1
1073 533 1176 576 Cor.
1194 534 1235 584 6,
1255 532 1298 574 2.
1318 533 1362 575 3.
1391 534 1420 574 2
1440 532 1560 576 Tim.
1583 534 1624 587 2,
1649 535 1722 578 11.

238 586 311 631 12.
339 588 485 646 Apoc.
506 588 577 642 20,
595 588 640 633 4.
659 590 702 632 6.
738 589 810 642 22,
823 589 866 632 5.
886 589 972 631 rite
991 590 1200 647 expensis
1219 590 1416 632 fateatur
1432 604 1613 632 necesse
1633 595 1722 634 est.

236 643 329 687 Sed
347 659 434 687 non
454 644 658 701 equidem
680 646 923 704 impietatis
944 647 1236 699 insimulabo‚
1268 648 1344 703 qui
1364 647 1424 690 N.
1446 646 1504 690 Τ.
1527 648 1719 714 scripto-

236 714 311 743 res
334 716 487 759 parum
508 703 771 760 explicatam
806 704 939 762 hujus
967 703 1034 746 rei
1066 705 1289 747 notionem
1318 704 1527 746 habuisse
1557 704 1717 747 existi-

233 758 437 803 maverit.
492 758 626 802 Modo
647 761 761 803 enim
781 761 955 818 piorum
976 761 1196 804 hominum
1225 776 1409 815 regnum
1441 762 1483 803 in
1515 776 1565 804 eo
1595 762 1717 804 cerni

231 816 413 869 volunt,
442 820 490 858 ut
511 818 633 872 regia
657 818 713 859 iis
734 817 880 860 munia
905 818 1164 860 deferantur
1182 817 1365 874 (Matth.
1389 818 1538 869 19‚28.
1573 818 1715 863 lCor.

231 873 275 926 6,
295 872 385 928 2.),
424 873 552 916 modo
582 874 747 932 probos
776 876 1058 919 Christianos
1088 882 1353 931 regnaturos
1382 873 1530 916 dicere
1561 875 1714 917 viden-

230 934 328 983 tur,
362 945 447 987 quo
480 946 612 973 sensu
645 933 765 974 natio
796 940 976 987 regnat,
1013 932 1140 990 cujus
1169 947 1248 974 rex
1282 933 1326 974 in
1355 936 1531 973 exteras
1557 937 1714 986 gentes

227 985 502 1041 dominetur,
531 989 653 1044 regis
676 990 746 1031 sui
774 991 1003 1049 majestate
1032 983 1270 1046 splendens
1307 990 1475 1045 (Apoc.
1493 989 1713 1057 20‚4.sq.

226 1044 300 1098 22,
322 1044 404 1099 5.).
463 1043 585 1101 Quid
609 1047 649 1087 si
670 1045 802 1090 N.T.
824 1047 1067 1104 scriptores
1085 1046 1197 1087 illud
1219 1045 1451 1103 imperium
1478 1046 1588 1088 viris
1617 1061 1711 1104 pri-

225 1101 407 1154 mariis,
444 1107 495 1144 ut
511 1102 777 1160 Apostolis,
813 1104 893 1145 hoc
923 1104 1083 1145 ceteris
1115 1104 1298 1146 ominati
1329 1100 1466 1146 sunt?
1523 1103 1600 1145 διὰ
1629 1105 1710 1146 τοῦ

226 1154 345 1216 ἑνός]
376 1160 449 1202 49.
471 1158 600 1218 Copt.
623 1157 872 1217 ἀνθρώπου
891 1176 914 1202 e
936 1175 977 1204 V.
1002 1161 1070 1205 15.
1094 1159 1276 1204 addunt.
1315 1158 1462 1201 Ἰνσσῦ
1483 1162 1708 1216 Χριστοῦ]

221 1214 296 1260 65.
317 1217 397 1258 τοῦ
412 1215 684 1273 ἐπουρανίου
703 1217 872 1277 adjicit.
907 1218 1141 1262 Glossema
1161 1223 1230 1260 est
1250 1232 1301 1260 cx
1315 1219 1336 1259 1
1349 1195 1452 1261 Cor.
1469 1218 1537 1269 15,
1548 1218 1620 1261 48.
1633 1217 1707 1262 49.

218 1272 276 1315 de
310 1279 514 1318 romtum.
547 1273 663 1317 Sane
677 1275 885 1319 Christus
905 1275 1008 1328 h.l.,
1030 1282 1078 1318 ut
1099 1289 1140 1317 v·
1155 1275 1240 1327 15.,
1263 1274 1301 1317 is
1315 1282 1556 1332 spectatur,
1575 1289 1705 1331 quem

215 1343 242 1371 a
305 1345 355 1371 eo
375 1331 569 1386 legatum
592 1347 691 1374 esse
711 1347 838 1374 nemo
862 1333 1053 1388 ignoret.
1103 1330 1319 1374 Potuerat
1333 1332 1401 1382 P„
1424 1332 1705 1374 utantitheta

215 1387 365 1430 verbis
383 1402 570 1445 prorsus
587 1394 872 1446 exaequaret,
903 1391 966 1432 sic
980 1389 1198 1433 scrihere:
1219 1416 1275 1422 —
1296 1389 1452 1445 πολλῷ
1470 1389 1639 1442 μᾶλλον
1659 1387 1704 1456 ε’(ν

215 1449 272 1500 τῇ
292 1443 532 1503 περισσείᾳ
553 1447 632 1502 τῆς
646 1443 831 1503 χάριτος
851 1447 926 1489 καὶ
944 1448 1023 1503 τῆς
1045 1448 1216 1503 δωρεᾶς
1245 1449 1322 1502 τῆς
1353 1442 1641 1502 δικαιοσύνης
1674 1462 1700 1502 η

217 1501 343 1555 Ζωὴ
373 1502 719 1553 βασιλεύσει
750 1503 826 1546 διὰ
857 1505 939 1546 τοῦ
959 1501 1057 1554 ἑνὸς
1080 1501 1120 1545 Ἰ.
1146 1506 1235 1559 Χρ.
1275 1509 1338 1558 (ν.
1366 1517 1406 1546 v,
1435 1517 1472 1546 c.
1506 1502 1622 1546 Calv.
1654 1507 1701 1544 et

208 1555 406 1611 Rueck).
421 1557 509 1600 Sed
524 1559 640 1616 quod
652 1561 802 1617 posuit
812 1560 1064 1603 tantundem
1076 1561 1209 1613 valet,
1221 1564 1267 1602 ut
1282 1561 1392 1602 hene
1404 1559 1570 1601 monuit
1581 1559 1701 1604 Calv-

211 1612 329 1657 Nam
350 1614 389 1656 si
411 1616 572 1672 quibus
591 1617 828 1672 integritas
849 1616 977 1659 detur
997 1619 1182 1661 virentes
1201 1623 1243 1659 et
1265 1615 1319 1659 de
1343 1617 1595 1658 mortalium
1614 1631 1696 1658 nu-

211 1685 332 1713 mero
363 1674 527 1715 exemti
554 1680 765 1729 regnent,
805 1673 974 1727 Morte,
1021 1689 1133 1731 quae
1166 1675 1271 1716 olim
1304 1673 1525 1716 dominata
1556 1680 1695 1724 esset,

209 1728 377 1770 abolita
406 1730 553 1772 Vitam
584 1746 665 1788 per
697 1746 773 1773 cos
802 1746 985 1787 regnum
1015 1746 1147 1787 agere
1175 1732 1457 1789 perspicuum
1489 1736 1582 1784 est,
1614 1731 1693 1787 qui

206 1785 405 1828 viventes
430 1793 632 1841 regnent.
699 1787 888 1830 Paulum
920 1803 1039 1841 eam,
1092 1790 1175 1845 qua
1207 1804 1314 1830 usus
1344 1794 1433 1841 est,
1478 1787 1693 1844 loquendi

205 1842 392 1885 formam
413 1845 544 1885 alteri
561 1846 879 1902 praeposuisse
898 1849 947 1886 ut
975 1846 1221 1903 planiorem
1249 1851 1293 1887 et
1325 1860 1436 1902 quae
1465 1859 1559 1887 rem
1590 1850 1690 1886 tan-

207 1914 337 1968 (Luam
376 1901 518 1943 oculis
559 1901 802 1960 subjiceret
837 1902 981 1943 minus
1009 1901 1223 1943 credibile
1251 1909 1343 1954 est,
1381 1916 1510 1957 quam
1538 1901 1689 1944 verbis

205 1970 245 2000 v.
263 1956 330 2001 15.
350 1972 449 2000 eum
471 1964 636 2001 motum
657 1973 774 2002 esse.
834 1958 929 2002 Ubi
950 1973 1080 2016 quum
1102 1958 1313 2002 dixisset:
1345 1958 1502 2014 πολλῷ
1516 1957 1688 2010 μᾶλλον

200 2008 229 2068 ἦ
249 2011 381 2069 χάρις
401 2031 439 2057 τ.
459 2018 508 2058 θ.
531 2016 605 2058 καὶ
632 2011 658 2072 ἢ
680 2014 830 2071 δωρεᾶ
846 2040 899 2049 —-
922 2014 988 2065 εἰς
1013 2014 1117 2065 τοὺς
1147 2013 1343 2066 πολλοῖς
1376 2013 1684 2070 ἑπερίσσευσε,

199 2071 481 2128 aptissimum
501 2073 542 2116 ei
560 2073 703 2116 visum
725 2080 816 2126 est,
846 2088 922 2116 eos
943 2073 987 2115 h.
1006 2074 1038 2116 l.
1062 2072 1316 2131 Suhjectum
1336 2073 1506 2122 facere,
1534 2072 1686 2128 quibus

199 2128 285 2171 div.
309 2129 466 2172 donum
497 2130 665 2173 abunde
688 2131 838 2184 detur,
876 2136 970 2173 tum
1030 2135 1210 2172 uantum
1243 2131 1298 2172 iis
1318 2131 1449 2172 ritum
1467 2128 1684 2171 habituris
1705 2184 1712 2190 ι

195 2185 278 2227 illo
309 2185 424 2228 dono
463 2188 802 2230 emolumentum
841 2194 997 2245 porten
1031 2195 1161 2242 atur,
1208 2201 1483 2245 expromere.
1554 2185 1682 2228 Haec

197 2247 267 2284 est
291 2242 428 2299 igitur
457 2246 597 2287 totius
622 2259 690 2288 vs.
718 2244 932 2290 conditiot
960 2271 1015 2277 —
1045 2245 1134 2288 Dei
1164 2252 1309 2287 autem
1341 2244 1570 2287 donarium
1599 2257 1680 2302 per

196 2300 331 2341 multa
365 2307 541 2359 patrata
569 2306 747 2361 peccata
776 2303 820 2346 in
852 2304 1119 2346 sententiam
1151 2302 1263 2344 abiit
1297 2300 1538 2361 ejusmodi,
1589 2301 1678 2358 qua

193 2356 420 2413 inteyritczs
441 2360 670 2418 (perennis
698 2361 814 2403 vitae
835 2361 1022 2403 fructum
1052 2360 1346 2418 portendens)
1364 2358 1676 2417 pronuntiare-

194 2416 267 2455 tur
287 2417 351 2471 (ν.
376 2418 483 2473 m).
540 2418 661 2460 Nam
681 2418 728 2459 ἐἰ
747 2431 827 2473 per
858 2420 981 2462 unius
1006 2418 1181 2485 facinus
1207 2417 1331 2461 Mors
1363 2431 1549 2471 reguum
1579 2415 1674 2472 egit

188 2482 268 2523 per
296 2483 448 2526 unum,
487 2475 626 2518 multo
655 2475 795 2530 magis
823 2478 915 2531 (est
943 2490 1060 2518 enim
1087 2475 1215 2518 Deus
1244 2475 1499 2529 benignior,
1540 2486 1668 2530 quam

190 2530 408 2585 severior)
443 2532 500 2585 ii,
541 2532 702 2590 quibus
731 2532 999 2576 abundantia
1030 2533 1197 2575 favoris
1227 2539 1269 2576 et
1297 2531 1500 2574 henelicii
1522 2531 1566 2572 iu
1589 2528 1665 2572 do·

189 2585 290 2626 n‘ata
328 2586 578 2644 {afvyn-itate
616 2590 753 2648 positi
793 2591 940 2633 evenit
979 2590 1177 2634 viventes
1208 2603 1391 2646 regnum
1423 2593 1558 2644 agent
1585 2597 1664 2644 per

99 2666 104 2669 «
134 2679 140 2700 :
190 2654 321 2687 unum
341 2642 490 2688 Jesum
515 2645 740 2690 Christum
762 2647 873 2704 (Dei
892 2647 1076 2702 filium).'

251 2697 261 2723 ‘¹
302 2697 387 2742 Vs.
414 2702 480 2746 18.
523 2703 621 2748 Hoc
641 2719 708 2750 vs.
729 2720 780 2749 ex
800 2710 900 2748 ante
920 2705 1054 2748 dictis
1081 2704 1406 2747 conclusionem
1435 2700 1532 2746 fieri
1557 2710 1660 2756 pal·-

185 2753 346 2798 ticulae
368 2754 455 2813 ἄρα
477 2755 552 2801 οἶν
572 2761 693 2817 (hinc
710 2766 833 2818 0²·qu
849 2762 1026 2813 docent,
1059 2777 1170 2820 quas
1193 2763 1375 2805 multum
1399 2759 1449 2804 P.
1476 2761 1537 2801 ita
1567 2755 1657 2796 sre-

182 2818 390 2870 quentat,
418 2819 465 2859 ut
486 2820 731 2865 sententias
761 2819 993 2866 ordiantur
1026 2821 1087 2877 (7,
1104 2820 1147 2867 3.
1169 2820 1241 2869 25.
1270 2820 1313 2874 8,
1333 2819 1401 2864 12·
1430 2819 1471 2870 9,
1493 2813 1560 2867 16,
1585 2812 1655 2860 ¹8·
