1752 3347
171 148 259 192 342
456 142 977 188 EPISTOLAAD
1009 143 1373 191 ROMANOS

178 265 400 308 gnumquc
421 265 470 294 se
490 251 574 293 lide
598 250 751 293 habita
778 250 1037 309 praeberet,
1076 252 1152 308 qui
1182 266 1263 310 per
1291 250 1523 296 christum
1550 253 1654 298 bea-

177 314 304 352 retur
322 308 632 361 Rom.11‚32..
697 306 841 364 Quam
883 307 1057 364 quidem
1087 324 1209 366 spem
1234 323 1289 351 ex
1319 323 1371 351 eo
1400 313 1655 366 concepisse

176 364 377 418 videtur,
407 363 524 421 quod
545 364 772 409 Christum
804 365 872 407 rei
902 365 958 406 ab
977 365 1154 408 Adamo
1184 366 1394 424 profusae
1422 367 1658 409 restituto-

178 437 273 464 rem
300 427 445 464 mente
474 422 752 466 informarat.
821 423 968 478 Atqui
1001 427 1211 475 mortem,
1251 437 1364 479 quae
1393 423 1448 464 ab
1476 423 1657 466 Adamo

177 483 418 533 manasset,
451 479 614 521 nemini
636 479 892 537 pepercisse
918 478 1045 523 vidit.
1121 479 1238 521 Hinc
1265 494 1355 521 rem
1384 494 1435 522 eo
1466 479 1658 537 denique

177 550 511 593 processuram,
540 541 589 578 ut
608 551 759 579 omnes
780 551 828 579 se
848 537 1045 578 homiues
1073 538 1117 579 in
1148 537 1329 593 perenni
1359 537 1447 578 vitai
1477 553 1500 579 a
1523 537 1656 581 Chri-

179 597 252 635 sto
291 594 503 636 collocari
542 598 826 651 paterentur,
873 594 1097 651 Apostolo
1136 593 1350 636 credibile
1388 595 1530 636 visum
1570 600 1657 640 est.

177 648 430 700 Δικαίωσις
453 649 568 707 ζωῆς
589 650 822 702 absolutio,
853 666 959 706 quae
991 652 1104 694 vitae
1132 656 1237 702 est,
1270 652 1328 693 ml
1356 651 1487 693 ritum
1518 652 1657 706 pcrti-

176 711 277 759 πεί,
306 706 351 747 in
370 707 460 748 vim
481 711 690 765 tanquam
709 708 879 750 radices
899 723 1000 750 suas
1020 708 1106 763 eyit
1131 708 1315 764 ideoque
1335 723 1430 750 cum
1462 709 1552 750 vitai
1583 723 1657 750 ar-

177 766 250 804 cto
268 762 444 804 vinculo
465 765 670 822 copulata
696 769 766 806 est
795 765 1021 806 vitalem
1052 770 1176 806 notat
1207 771 1250 806 et
1286 780 1397 821 quae
1429 766 1562 807 vitam
1589 767 1656 806 as-

177 820 297 860 serat
336 819 663 865 absolutionem.
733 821 802 864 Cs.
834 821 936 865 Joh.
965 822 1017 874 5,
1044 823 1116 866 29.
1158 818 1400 869 ἀνάστασις
1440 821 1582 876 ζωῆς
1613 827 1658 864 et

177 872 419 927 ἀνάστασις
451 874 701 933 κρίσεως.
759 877 1017 920 Posteriore
1048 893 1112 921 vs.
1145 877 1340 918 membro
1370 877 1475 919 haec
1504 879 1657 920 dicun-

176 938 278 976 tur:
310 958 362 965 —
392 934 456 976 ita
474 934 607 976 etiam
632 949 714 992 per
731 935 861 976 unius
881 935 1094 990 (Christi)
1117 934 1251 991 probe
1276 934 1438 975 sactum
1459 935 1548 978 Dei
1580 935 1658 978 do-

175 988 352 1031 narium
386 991 590 1033 onmibus
620 991 873 1034 hominibus
899 994 944 1034 in
983 991 1306 1034 ahsolutionem
1346 989 1496 1044 cedet,
1545 1007 1658 1048 quae

176 1049 461 1104 (perennem)
486 1047 622 1090 vitam
645 1049 807 1106 pariat.

292 1103 355 1148 V.
378 1106 447 1149 19.
486 1104 584 1147 Hoc
604 1119 737 1148 versu
768 1104 1032 1148 sententiam
1060 1119 1126 1149 vs,
1152 1104 1222 1149 18.
1252 1104 1490 1147 dilucidari
1520 1106 1660 1164 pleri-

175 1174 264 1259 :ple
292 1160 560 1219 interpretes
588 1162 699 1205 bene
723 1163 1061 1206 intellexerunt.
1139 1161 1194 1205 ln
1225 1163 1310 1205 alia
1344 1163 1488 1204 onmia
1518 1178 1661 1222 nuper

210 1217 388 1261 iscessit
409 1218 637 1273 Reiclu'us,
668 1234 708 1262 v,
739 1221 806 1263 19.
827 1219 1045 1261 rationem
1067 1219 1243 1272 afferri,
1272 1218 1388 1262 unde
1412 1222 1660 1264 sententiae

175 1287 221 1318 v.
242 1275 312 1318 18.
340 1276 598 1333 propositae
624 1277 790 1318 veritas
819 1281 1122 1331 coynosccetur,
1152 1277 1385 1334 opinatus:
1417 1292 1497 1335 per
1524 1292 1658 1321 unum

177 1332 352 1388 [unius]
370 1333 541 1375 facinus
561 1348 711 1376 omues
731 1333 930 1375 homines
951 1332 1006 1375 ad
1023 1339 1206 1376 mortem
1229 1334 1458 1391 physicam
1477 1334 1660 1377 damna-

174 1388 214 1429 ti
234 1394 360 1441 sunt3
389 1390 493 1431 item
519 1404 600 1447 per
633 1405 767 1432 uuum
800 1391 969 1444 [unius]
1002 1396 1120 1433 recte
1149 1392 1314 1433 factum
1345 1392 1548 1434 omnibus
1577 1393 1659 1434 ho·-

175 1444 372 1487 minibus
394 1446 618 1489 absolutio
639 1447 775 1490 vitam
797 1452 1040 1505 apportans
1069 1447 1269 1503 obtinget
1298 1452 1360 1504 (ν.
1376 1449 1483 1501 18.).
1538 1450 1658 1491 Nam

173 1502 543 1558 quemadmodum
589 1505 776 1559 improbi
822 1505 1044 1547 constituti
1082 1510 1181 1547 sunt
1220 1520 1300 1562 per
1340 1507 1657 1548 contumaciam

173 1557 308 1600 unius
340 1560 531 1602 hominis
562 1561 719 1615 ingens
746 1561 968 1602 homiuum
1001 1575 1235 1613 numerus,
1287 1562 1346 1603 ita
1377 1563 1508 1604 etiam
1534 1563 1659 1617 probi

174 1616 492 1659 constituentur
511 1631 590 1674 per
613 1616 908 1659 obedientiam
929 1617 1060 1659 unius
1085 1618 1241 1672 ingens
1263 1618 1484 1661 hominum
1507 1634 1658 1661 nume-

173 1685 255 1713 rus
275 1671 319 1714 h.
340 1686 380 1716 e.
403 1687 554 1715 verum
576 1689 677 1716 esse
699 1673 817 1730 quod
838 1674 892 1716 de
910 1673 1087 1716 Adamo
1109 1674 1203 1717 dixi
1233 1690 1291 1717 ιιι·
1320 1691 1367 1717 eo
1389 1677 1657 1732 intelliye'tur,

175 1726 295 1783 quod
331 1728 515 1784 improbi
555 1731 777 1773 constitute·
804 1735 904 1773 sunt
942 1746 1022 1788 per
1049 1731 1214 1774 Adami
1257 1734 1573 1774 contumaciam
1614 1731 1658 1774 οὶ

174 1783 366 1827 monol:
394 1791 545 1828 contra
566 1786 682 1843 quod
700 1786 753 1828 de
776 1787 955 1831 Christo
975 1789 1192 1830 affirmavi
1217 1803 1301 1830 non
1332 1790 1473 1831 miuus
1504 1804 1655 1831 verum

175 1855 276 1883 esse
295 1846 387 1883 tum
403 1843 597 1897 patebit,
627 1857 760 1899 quum
785 1844 909 1898 probi
930 1846 1247 1901 constituentur
1273 1861 1353 1902 per
1377 1846 1548 1895 Christi
1579 1846 1656 1887 ol)-

176 1897 378 1954 sequium
398 1896 441 1941 οὶ
462 1896 642 1942 πολλοί.
700 1899 881 1941 Erravit
902 1899 962 1943 V.
982 1900 1062 1944 D..
1121 1899 1237 1942 Nam
1258 1903 1448 1958 primum
1480 1901 1658 1960 quidem

175 1954 413 1996 verborum
436 1954 544 1997 ordo
565 1955 663 2015 ejus
685 1956 882 2014 opinioni
904 1957 1181 2011 refragatur,
1212 1959 1287 2013 qui
1315 1959 1422 2000 talis
1452 1973 1551 2002 esse
1581 1958 1660 2001 de·-

176 2011 333 2055 bebat:
363 2009 508 2066 ὥςπερ
531 2011 613 2069 γὰρ
646 2008 983 2070 ἁμαρτωλοὶ
1019 2011 1456 2071 κατεστάθησαν
1486 2017 1525 2058 ὁ.
1547 2031 1585 2059 τ.
1607 2030 1657 2060 π.

176 2083 217 2109 τ.
239 2064 273 2110 ἑ.
298 2064 342 2111 ά.
366 2065 408 2111 οὶ
427 2069 616 2119 πολλοὶ,
670 2066 785 2111 οὕτω
816 2071 892 2112 καὶ
927 2070 1148 2114 ὁίκαιοι
1185 2069 1660 2128 κατασταθήσον-

175 2140 274 2167 ται
304 2125 345 2168 ὁ.
367 2140 405 2167 τ.
428 2122 469 2168 ὑ.
495 2141 532 2168 τ.
555 2122 591 2170 ἓ.
615 2123 658 2169 οἱ
678 2125 857 2168 πολλοί.
919 2127 1096 2170 Deinde
1123 2127 1175 2172 P.
1205 2143 1290 2170 non
1317 2130 1459 2172 solum
1492 2131 1661 2172 sormu-

176 2182 249 2224 las
285 2180 347 2224 τὸ
386 2180 560 2240 κρίμα
598 2180 664 2233 εἰς
701 2179 873 2233 πάντας
910 2183 1181 2241 ἀνθρώπους
1219 2184 1300 2237 εἷς
1339 2183 1659 2242 κατάκριμα

177 2237 351 2294 ἐγένετο
368 2245 413 2282 ct
432 2238 484 2281 τὸ
503 2237 701 2296 χάρισμα
722 2237 788 2289 εἷς
809 2237 978 2291 πάντας
1008 2239 1278 2297 ἀνθρώπους
1301 2240 1381 2294 εἷς
1411 2245 1463 2286 ὁι
1477 2242 1570 2287 καί
1584 2260 1659 2285 ω-

176 2311 250 2348 μα
278 2293 579 2352 γενήσεται
609 2297 758 2339 vcrbis
789 2312 830 2341 v.
852 2300 921 2342 19.
953 2294 1284 2354 ἁμαρτωλοὶ
1315 2300 1658 2356 κατεστάθησαν

177 2349 222 2393 οἱ
244 2352 409 2395 πολλοί
431 2356 477 2396 et
507 2351 664 2396 δίκαι
681 2370 730 2396 οι
762 2355 1177 2412 κατασταθήσονται
1204 2354 1243 2398 οἳ
1267 2356 1434 2400 πολλοί
1455 2358 1658 2400 illustra·

176 2408 262 2459 vit,
302 2423 451 2453 verum
483 2410 616 2453 etiam
650 2410 861 2453 vocabula
892 2409 952 2454 δι’
987 2410 1086 2462 ἑνὸς
1117 2411 1483 2469 παραπτώματος
1519 2423 1561 2457 et
1592 2411 1655 2457 δι’

176 2461 275 2515 ἑνὸς
288 2464 590 2519 δικαιώματος
609 2468 757 2511 verbis
781 2467 855 2510 διὰ
874 2470 953 2525 τῆς
980 2473 1214 2525 παρακοῆς
1241 2473 1320 2512 τοῦ
1348 2468 1446 2522 ἑνὸς
1473 2470 1657 2527 ἀνθρώ-

179 2535 269 2563 που
292 2529 334 2564 et
354 2519 525 2579 διάτῆς
549 2523 754 2582 ὑπακοῆς
782 2526 862 2566 τοῦ
890 2522 987 2576 ἑνός
1016 2527 1296 2584 explanavit,
1336 2543 1467 2585 quum
1489 2528 1654 2572 Adami

180 2577 351 2620 facinus
369 2581 625 2636 ‹Ivnequtam
645 2582 1050 2637 obtemperationem
1071 2585 1260 2640 (Genea,
1276 2586 1341 2629 17.
1363 2586 1406 2637 3,
1417 2588 1496 2641 6.),
1526 2585 1652 2629 chri-

179 2635 239 2677 sti
259 2641 375 2677 recte
396 2638 557 2680 sactum
579 2639 821 2696 obsequium
837 2639 1225 2698 interpretaretur.
1267 2642 1333 2684 Ex
1355 2643 1424 2685 his
1444 2658 1570 2687 versu
1585 2642 1653 2684 19.

180 2697 318 2733 totam
350 2708 389 2735 v,
420 2695 486 2737 18.
525 2696 788 2739 sententiam
827 2699 988 2754 exponi
1017 2700 1319 2755 consequitur.
1395 2700 1509 2742 Tum
1539 2696 1652 2755 quod

184 2747 332 2790 Pwiclz.
355 2752 615 2815 particulam
637 2754 719 2810 γάρ
738 2754 940 2808 vulgatae
966 2755 1319 2813 intcrpremtioni
1350 2757 1524 2799 officere
1550 2754 1654 2795 sub-

181 2804 407 2860 indicavit,
434 2805 516 2866 γάρ
537 2809 580 2852 in
614 2811 856 2856 sententiae
878 2814 1176 2871 expositione,
1207 2822 1254 2857 ut
1281 2814 1337 2857 sit
1365 2827 1525 2870 nempe,
1552 2813 1653 2869 poni
