1752 3347
23 721 34 727 ”“
100 721 283 776 propter
297 716 449 772 fidem,
478 730 563 759 non
585 722 769 774 propter

587 159 743 205 CAP.
775 160 870 203 IV.
914 159 1005 204 Vs.
1036 160 1096 203 2..
1493 161 1578 203 215

109 267 210 310 dum
229 269 291 323 (v.
322 267 450 324 Wolf.
476 273 519 310 et
550 267 719 319 mist.)
748 267 791 312 h.
813 282 874 311 ε.;
915 265 1057 310 nile-il
1082 271 1151 308 eet
1166 264 1340 308 Abrah.
1373 270 1577 321 umquam

108 325 304 367 mortalis
322 324 467 366 divina
489 338 565 378 ope
585 326 815 366 destitutus
843 329 970 380 (ergo
990 324 1078 364 suis
1107 321 1264 365 viribus
1292 322 1413 376 usus)
1443 321 1575 380 adep-

108 388 180 423 tus
198 382 262 436 (v.
286 382 363 436 l.).
421 381 554 423 Nam
585 380 624 422 si
655 380 791 437 (quod
816 381 978 423 sactum
1003 394 1103 422 esse
1133 393 1245 421 nunc
1275 380 1454 435 ponam)
1482 379 1575 421 suis

108 437 216 479 bene
245 438 375 479 sactis
396 435 485 479 Dei
514 438 704 480 savorem
735 442 887 480 nactus
917 443 987 479 est
1017 438 1115 493 (aut
1136 436 1174 477 si
1198 433 1309 476 κατὰ
1330 434 1472 489 σάρκα
1494 436 1575 478 ali-

106 493 211 551 quid
241 493 426 551 adeptus
454 499 522 535 est
549 508 588 537 v.
615 495 697 547 1.),
738 494 870 536 hahet
901 492 1016 551 quod
1040 492 1155 550 apud
1181 492 1326 534 Deum
1355 491 1576 546 glorietur

103 550 222 606 (scil.
256 545 312 590 w*
346 547 477 603 ἔργα,
518 549 678 605 quibus
708 550 900 592 favorem
928 550 1027 593 Deo
1067 550 1326 592 extorserit:
1374 546 1576 604 καύχημα

103 604 321 660 gloriandi
354 605 559 657 materia,
592 607 614 645 1
636 604 738 648 Cor.
767 608 816 659 9,
839 607 931 659 15„
967 606 1085 660 :²2:213
1116 606 1208 650 Jer.
1243 607 1319 658 17,
1351 605 1465 659 14.);
1497 605 1575 647 sed

102 677 181 704 non
198 661 326 703 habet
345 659 463 716 quod
483 659 599 717 apud
617 661 764 702 Deum
787 654 1020 717 glorietur*
1036 661 1098 717 (r.
1119 664 1208 718 2.),
1242 676 1373 719 quum
1405 662 1510 702 libri
1535 677 1573 706 ε.

100 781 191 817 tum
224 787 323 816 esse
351 771 538 815 doceant
564 776 625 829 (V.
656 775 736 830 3.).
796 720 977 817 izZIixlclliirsL
992 720 1138 831 (gilsitis,
1166 718 1386 817 ritliilorliizin)
1403 718 1575 832 liffffiie

98 829 354 874 concludat:
384 844 470 872 non
493 835 561 873 est
580 831 719 886 igitur
738 831 914 875 Abrah.
936 832 990 873 ob
1021 831 1129 873 bene
1158 833 1270 872 facta
1289 831 1387 873 Deo
1413 831 1573 890 proha-

18 908 20 912 ·
98 894 170 930 tus
188 889 251 944 (v.
268 888 338 942 2.)
357 893 400 930 et
421 888 532 930 nihil
551 894 620 930 est
639 886 749 930 κατὰ
772 885 916 945 σάρκα
936 892 1235 944 consequutus
1269 891 1329 943 (V.
1357 891 1433 940 1.).
1492 888 1572 931 Ri-

97 944 290 987 diculum
312 947 381 987 est
400 943 581 988 Semlerc'
600 950 889 987 commentum
912 960 952 989 v.
977 946 1039 987 sic
1061 945 1439 1002 interpungentis:
1480 942 1571 986 ἀλλ’

99 999 172 1044 οὐ·
206 1001 321 1058 πρὸς
337 1002 413 1043 τὸν
432 998 556 1043 θεόν.
588 1006 664 1056 „at
682 1017 768 1044 non
791 1002 945 1055 hahet,
975 1017 1055 1057 per
1072 1003 1217 1045 Deum
1242 1001 1573 1054 imnmrmlem‚”

98 1057 216 1115 quod
234 1070 392 1113 graece
413 1058 476 1100 sic
494 1057 722 1101 dicendum
742 1060 912 1102 fuerat:
942 1056 1032 1101 ἀλλ’
1058 1054 1136 1101 οὐκ
1160 1054 1272 1110 ἔχει,
1306 1055 1446 1115 πρὸς
1475 1057 1573 1099 τοῦ

97 1116 249 1157 θεοῦ.
279 1113 589 1170 (v..Matthz·ae
618 1131 686 1171 gr.
719 1131 775 1159 m.
804 1131 848 1173 p.
870 1117 1033 1171 1179.).
1100 1115 1218 1157 Tum
1248 1114 1361 1156 male
1394 1114 1570 1165 Ileum„

76 1169 241 1226 'Kopp.
268 1172 325 1214 al.
355 1177 587 1216 enarrant:
624 1188 722 1215 nam
751 1173 790 1214 si
810 1173 986 1217 Abrah.
1013 1187 1094 1229 per
1124 1172 1308 1230 pulchre
1333 1171 1446 1212 facta
1470 1170 1569 1212 Deo

96 1228 311 1287 probatus
333 1233 425 1281 est,
455 1229 584 1272 habet
599 1244 676 1271 cur
701 1245 747 1271 se
762 1229 923 1289 jactet,
949 1231 1023 1272 sed
1044 1243 1125 1271 non
1147 1229 1264 1283 apud
1283 1229 1427 1271 Deum
1445 1229 1573 1283 (ergo

96 1286 213 1341 apud
248 1286 356 1328 solos
393 1285 616 1341 homines).
683 1286 799 1328 Nam
830 1287 869 1328 si
899 1285 1026 1329 modo
1051 1285 1228 1329 Abrah.
1269 1289 1452 1343 propter
1493 1292 1571 1327 sua

93 1342 204 1384 bene
225 1343 339 1384 facta
362 1342 535 1397 integer
555 1358 578 1384 a
598 1342 697 1385 Deo
719 1343 970 1386 declaratus
990 1347 1080 1396 est,
1112 1348 1162 1385 ut
1191 1356 1263 1383 res
1295 1340 1422 1383 docet
1453 1345 1496 1382 et
1518 1338 1571 1385 P.

94 1399 190 1456 ipse
210 1398 325 1457 Eph.
346 1400 397 1452 2,
416 1400 460 1444 8.
480 1401 523 1443 9.
555 1400 828 1453 subindicat,
859 1399 1138 1459 apud-Deum
1174 1403 1218 1440 et
1248 1398 1446 1440 homines
1475 1399 1573 1451 glo-

96 1456 214 1498 riose
243 1456 282 1499 ei
313 1455 366 1498 de
397 1470 446 1498 se
471 1456 731 1512 praedicare
760 1458 891 1511 licet,
933 1457 1137 1513 quoniam
1175 1453 1254 1510 τὴν
1292 1452 1574 1509 δικαιοσύνην

96 1527 236 1569 neque
255 1511 347 1554 Dei
372 1512 705 1555 benevolentiae
735 1528 878 1569 neque
908 1514 1130 1555 hominum
1157 1511 1325 1553 auxilio
1350 1516 1572 1568 acceptam

93 1570 254 1621 refert,
294 1567 373 1610 sed
402 1583 508 1611 suae
538 1569 714 1613 virtuti.
780 1568 962 1612 lnanem
993 1567 1282 1622 battologiam
1312 1568 1358 1609 in
1389 1565 1468 1619 P.‚
1505 1567 1571 1610 vi-

94 1640 189 1668 rum
209 1625 513 1667 acutissimum
527 1660 539 1680 ,
566 1626 726 1671 Rueck.
751 1626 972 1684 expositio
991 1626 1182 1667 confert:
1219 1637 1318 1664 nam
1337 1623 1377 1664 si
1394 1623 1570 1667 Abrah-

93 1683 148 1725 ob
166 1682 276 1725 hene
294 1683 412 1725 facta
435 1682 534 1725 Deo
551 1683 763 1741 probatus
788 1687 881 1736 est,
909 1683 1043 1725 hahet
1074 1679 1190 1739 quod
1211 1680 1429 1734 glorietur
1455 1681 1573 1734 apud

91 1739 300 1792 homines,
341 1738 420 1782 sed
449 1754 534 1782 non
563 1739 682 1799 apud
708 1739 870 1784 Deum.
939 1740 1057 1783 Nam
1085 1740 1122 1781 is
1162 1736 1261 1792 τὴν
1301 1735 1358 1786 ἐξ
1395 1733 1570 1793 ἔργων

93 1793 462 1852 δικαιοσύνην
500 1812 585 1840 non
613 1803 760 1840 ratam
788 1796 930 1850 habet,
959 1797 1115 1854 quippe
1140 1795 1185 1836 in
1216 1794 1336 1836 libris
1376 1808 1412 1836 s.
1442 1791 1568 1853 affir-

91 1867 237 1906 mans,
281 1853 588 1896 Abrahamum
622 1854 1003 1909 nonnisi‘propter
1036 1852 1168 1906 sidem
1208 1850 1295 1892 sibi
1334 1849 1566 1906 probatum

89 1924 206 1952 esse.
265 1907 447 1952 Scilicet
470 1911 511 1952 si
527 1910 728 1963 Ain-ah„
770 1909 884 1966 quod
904 1909 958 1953 Ρ.
987 1910 1031 1952 h.
1053 1909 1086 1952 l.
1115 1908 1263 1964 ponit,
1292 1906 1370 1961 τὴν
1389 1906 1569 1948 δικαιο-

91 1963 223 2018 σύνην
251 1967 434 2023 pulchre
461 1967 593 2009 factis
619 1966 770 2019 dehet,
799 1966 878 2022 τὴν
899 1963 1203 2020 δικαιοσύνην,
1244 1977 1356 2018 quae
1384 1977 1408 2003 a
1436 1961 1568 2003 factis

91 2021 421 2079 proficiscatur,
457 2023 583 2066 Deus
610 2024 656 2065 in
686 2038 736 2065 eo
763 2028 909 2065 ratam
938 2021 1157 2072 habuit,
1189 2020 1290 2076 quia
1321 2018 1401 2060 ille
1421 2018 1566 2060 officio

92 2092 278 2135 prorsus
302 2080 584 2123 satisfecerat
615 2095 754 2137 neque
782 2083 1017 2137 propterea
1039 2092 1080 2122 V.
1099 2077 1141 2120 3.
1162 2076 1222 2119 V.
1245 2075 1305 2119 T.
1326 2076 1358 2119 l.
1389 2075 1566 2128 citatur,

90 2139 141 2176 ut
166 2134 313 2178 Deum
343 2136 422 2191 τὴν
451 2135 499 2187 ἐξ
527 2134 667 2192 ἔργων
699 2135 981 2190 δικαιοσύνην
1010 2134 1187 2177 omnino
1214 2132 1401 2192 rejicere
1429 2146 1566 2189 appa-

90 2196 214 2245 reat,
245 2192 323 2235 sed
341 2198 390 2235 ut
410 2193 735 2245 Abrahamum,
767 2194 868 2249 quia
891 2191 981 2234 Dei
1000 2192 1192 2234 favorem
1222 2204 1300 2246 per
1329 2188 1458 2230 fidem
1489 2188 1565 2230 oh-

91 2248 300 2302 tinuerit,
337 2264 422 2292 non
455 2250 509 2292 ob
541 2250 652 2292 hene
680 2250 794 2291 facta
819 2249 918 2292 Deo
948 2249 1180 2305 probatum
1210 2261 1309 2288 esse
1338 2245 1565 2300 intelliga-

91 2319 204 2348 mus.
273 2306 446 2360 Chrys„
490 2306 743 2362 Theo-playn,
782 2306 905 2360 Oea,
945 2305 1099 2348 Morus
1130 2305 1188 2346 al.
1223 2304 1284 2344 sic
1317 2303 1565 2359 explicant:

90 2375 189 2402 nam
218 2363 257 2404 si
284 2358 310 2418 ἡ
340 2363 599 2419 δικαιοσύνη
628 2378 651 2404 a
680 2367 797 2405 recte
822 2363 952 2404 factis
976 2362 1233 2404 Abrahamo
1254 2360 1455 2417 prosecta
1483 2363 1565 2412 est,

90 2422 238 2475 potest
255 2420 306 2461 de
323 2424 402 2462 sm?
417 2421 579 2463 virtute
600 2421 809 2474 gloriari,
841 2419 919 2461 sed
941 2434 1025 2461 non
1047 2420 1096 2461 cle
1118 2419 1212 2460 Deo
1235 2417 1278 2457 in
1296 2430 1340 2458 se
1363 2415 1563 2470 beniyn03

93 2475 210 2531 quod
242 2476 540 2519 tantummodo
580 2476 621 2520 οὶ
653 2476 700 2519 ἐκ
728 2476 922 2526 πίστεως
954 2475 1121 2517 δίκαιοι
1151 2474 1350 2530 possint,
1399 2472 1562 2529 quippe

89 2533 169 2586 τῆς
203 2530 485 2588 δικαιοσύνης
513 2532 626 2577 douo
653 2548 675 2574 a
698 2533 796 2575 Deo
825 2533 971 2575 affecti
991 2532 1106 2589 Eph.
1128 2531 1178 2582 2,
1199 2530 1262 2573 8..
1318 2527 1405 2571 Sed
1433 2543 1561 2586 prae-

89 2593 291 2645 terquam
314 2588 429 2646 quod
448 2590 553 2632 haec
571 2591 788 2633 sententia
808 2591 877 2631 his
896 2604 937 2632 v.
958 2586 1237 2643 concipienda
1260 2587 1429 2628 fuerat:
1468 2580 1559 2626 ἀλλ’

90 2640 169 2687 οὐκ
196 2645 249 2688 ἐν
281 2647 343 2699 (2,
364 2646 457 2701 23.)
477 2662 514 2690 s,
545 2645 639 2690 ἐπὶ
668 2648 738 2701 (5,
757 2647 824 2700 2.)
842 2648 903 2701 τῷ
922 2647 1041 2701 θεῷ,
1069 2659 1122 2686 ex
1141 2658 1217 2695 eo,
1247 2642 1364 2700 quod
1383 2641 1559 2685 Abrah.

89 2706 271 2760 propter
312 2704 465 2761 pulcre
488 2704 604 2746 facta
634 2703 724 2758 Dei
759 2704 954 2745 favorem
994 2705 1149 2743 nactus
1173 2700 1262 2743 Dei
1301 2699 1559 2742 beneficium

83 2760 255 2818 jactare
282 2760 558 2816 nequiverit,
606 2775 702 2802 eum
744 2760 798 2801 oh
821 2759 1004 2801 honeste
1045 2759 1159 2800 facta
1187 2757 1286 2800 Deo
1326 2756 1560 2815 probatum

91 2831 190 2859 esse
229 2817 479 2863 existimari
516 2831 601 2860 non
629 2831 761 2876 posse
802 2815 977 2860 minime
1019 2814 1318 2871 consequitur.
1385 2810 1561 2856 Etenim
