1752 3347
540 135 699 180 cAr.
736 135 792 179 v,
837 134 931 182 v..
965 137 1073 195 10..x
1443 133 1534 176 345

64 241 214 287 Lxx.
247 242 564 300 quadamtenus
592 250 870 299 congrueret.
900 269 954 277 —-
1013 241 1103 286 Sed
1131 241 1258 287 multi
1288 244 1350 299 (v.
1371 255 1410 285 c.
1437 240 1530 284 Ra-

62 299 177 354 phel.
204 301 375 345 Annot.
407 317 462 344 ex
490 301 683 353 Herod„
719 299 898 351 filet-us,
936 299 1120 352 Rueck„
1160 300 1360 354 Koelln.)
1389 296 1531 340 καθί-

67 369 201 411 στημι
227 358 462 414 utrobique
503 358 700 401 converti
736 357 889 414 jubent
925 357 1095 414 fucere,
1136 357 1327 399 reddere.
1397 352 1531 411 Quod

66 425 175 454 usus
195 414 404 469 loquendi
432 416 615 471 patitur.
676 407 763 456 Uni
791 430 871 456 nos
900 415 1069 471 facere,
1105 413 1204 467 fieri
1229 419 1275 455 et
1303 427 1392 455 esse
1419 411 1530 454 dici-

66 482 188 521 mus,
221 469 283 510 ibi
310 475 482 512 veteres
509 485 582 512 res
600 477 700 512 ante
719 472 869 512 oculos
907 484 1052 512 ›onere
1075 476 1222 511 suetos
1250 470 1424 519 sistere,
1451 483 1531 510 es:-

63 523 241 577 sistere,
281 526 463 580 reperiri
490 532 535 568 et
564 526 727 568 similia
756 541 794 569 v.
824 527 889 568 col
914 541 1040 568 ocare
1077 525 1223 566 solere
1264 524 1532 566 tralatitium

66 585 150 623 est.
207 580 277 624 cf.
294 578 471 623 τιθέναι
491 582 645 624 sistere
664 582 852 637 (facere)
870 582 978 624 Luc.
1003 581 1062 624 D.
1085 580 1145 624 D.
1165 581 1246 634 20,
1271 580 1364 633 15„
1394 576 1535 622 οὐδα-

64 637 162 690 μοῦ
189 634 437 693 φαίνεσθαι
475 637 593 696 apud
620 638 814 680 Heae'ndvr
841 670 852 681 .
892 639 946 679 ad
979 638 1099 681 Plat.
1131 638 1270 692 Gorg.
1299 652 1343 694 p.
1370 636 1428 678 33
1445 651 1532 693 sq„

66 687 382 750 εὑρίσκεσθαι,
422 696 633 738 exsistere
663 694 778 750 (Cic.
831 710 853 736 e
871 694 1002 738 Orat.
1024 692 1090 746 11,
1115 695 1186 748 46,
1211 694 1331 749 193.)
1357 693 1535 736 eradere

65 749 143 793 al..
200 749 382 792 Scilicet
404 765 514 808 quae
537 751 677 794 oculis
695 757 1003 809 proponuntur
1033 756 1077 793 et
1108 755 1365 820 comparent
1392 764 1443 793 ea
1472 754 1541 792 et-

67 805 154 847 iam
189 814 293 850 sunt
324 811 401 849 aut
427 809 553 854 fiunt.
618 807 784 851 Eodem
813 808 1009 866 pertinet
1036 822 1077 851 v.
1108 811 1379 863 καθιστῃιι,
1418 806 1538 863 quod

68 877 333 920 quamquam
353 865 612 923 plerumque
632 866 841 923 propriae
864 866 1101 922 potestatis
1121 866 1317 907 umbram
1338 865 1540 918 retinuit,

68 926 215 962 tamen
243 922 339 964 loca
365 922 673 976 inveniuntur,
711 924 757 965 in
789 923 951 980 quibus
981 922 1161 965 sistendi
1190 922 1311 965 notio
1350 922 1540 979 perierit

68 982 114 1019 et
133 975 377 1034 καθίστημι
395 979 566 1038 fucere,
593 984 789 1038 tempora
811 979 1095 1022 intransitiva
1116 993 1222 1031 esse,
1251 985 1296 1021 et
1314 976 1541 1021 καθίστα-

68 1049 153 1088 μαι
176 1031 408 1078 Passimm
428 1037 549 1079 reddi
569 1038 758 1081 valcant.
790 1036 994 1093 Thucyd.
1009 1035 1131 1089 1‚68.
1171 1035 1233 1078 Τὸ
1248 1034 1408 1078 πιστὸν
1431 1031 1541 1088 ὑμᾶς

69 1091 212 1146 -τῆς
229 1087 329 1134 καέῖ
345 1090 455 1146 ὑμᾶς
471 1090 632 1143 αὐτοὺς
644 1090 1276 1148 πολιτειάς-ἀπιστοτέροις
1290 1091 1334 1141 ἐς
1345 1091 1446 1141 τοὺς
1461 1085 1541 1133 ὅλ-

71 1147 510 1206 λους-καθίστησι,
541 1151 692 1203 l,140.
715 1150 856 1206 σαφές
875 1166 919 1192 τι
937 1148 1207 1191 καθιστάναι
1220 1148 1323 1192 τινί.
1346 1149 1541 1201 265.—

72 1196 101 1244 ὃ
121 1202 460 1261 κατορθούμενα
485 1207 565 1258 μὲν
593 1211 686 1258 τοῖς
706 1205 910 1258 ἰδιώταις
926 1205 1027 1262 τιμὴ
1055 1206 1128 1247 καί
1146 1203 1343 1260 ὠφέλεια
1371 1206 1543 1259 μᾶλλον

72 1255 155 1315 ἦν,
186 1260 410 1312 σφαλέντα
432 1262 479 1305 δὲ
498 1265 552 1321 ‘tf‘
567 1260 700 1307 πόλει
720 1262 766 1313 ἒς
784 1264 859 1307 τὸν
879 1259 1075 1317 πόλεμον
1094 1258 1239 1318 βλάβη
1269 1277 1332 1303 κα
1346 1262 1542 1304 &lova-

73 1331 148 1361 το.
207 1317 250 1366 2,
271 1318 343 1362 51.
375 1318 421 1361 ἓν
439 1334 485 1361 τε
505 1321 632 1363 ord&
651 1316 987 1377 κατέστηῖἀμα,
1017 1316 1075 1369 ὡς
1092 1316 1254 1367 εἰπεῖν,
1287 1315 1333 1368 δ’,
1366 1335 1404 1360 τι
1434 1321 1544 1375 χρῆν

72 1373 409 1430 προςφέροντας
438 1371 640 1432 ὠφελεῖν.
668 1377 710 1430 2,
734 1377 806 1420 53.
832 1377 909 1421 al..
968 1374 1142 1431 Quodsi
1170 1375 1214 1418 h.
1234 1375 1266 1418 l.
1294 1374 1545 1432 καθίστημι

71 1428 220 1528 {acere
245 1432 363 1473 inter
397 1433 578 1487 reteris,
617 1434 795 1475 minime
825 1434 903 1475 hoc
927 1431 982 1476 P.
1013 1431 1142 1484 dicit,
1179 1430 1349 1474 Adami
1375 1432 1546 1475 facinus

107 1500 186 1528 auc
203 1488 291 1529 vim
310 1447 519 1531 hahuisse
533 1524 545 1543 ,
574 1496 622 1531 ut
642 1505 792 1532 omnes
814 1490 1014 1531 homines
1035 1496 1109 1530 aut
1128 1488 1325 1544 improbe
1346 1489 1548 1532 viverent

74 1548 154 1584 aut
179 1543 348 1586 Adami
377 1544 538 1587 delicto
569 1546 626 1587 iis
652 1547 867 1602 imputato
901 1546 958 1587 im
996 1545 1091 1586 robi
1121 1545 1302 1597 fierent,
1352 1552 1400 1587 ut
1433 1547 1547 1589 mul-

73 1600 112 1641 ti
133 1601 302 1658 opinati
321 1609 448 1655 suut,
478 1617 618 1660 nuper
639 1597 910 1646 Koellneruk'.
963 1560 1064 1644 {100
1089 1601 1202 1642 enim
1233 1602 1274 1643 si
1292 1599 1346 1646 Ρ.
1365 1608 1547 1646 conten-

76 1655 228 1711 deret,
277 1673 422 1701 secum
457 1660 555 1716 ipse
592 1664 808 1717 pugnaret
845 1659 923 1715 (cf.
950 1674 992 1703 v.
1017 1658 1127 1712 12.).
1192 1655 1289 1700 Imo
1327 1662 1549 1703 sententia

77 1727 208 1770 quam
237 1729 371 1773 supra
402 1716 589 1774 exposui
615 1716 727 1759 nihil
754 1721 975 1769 mutatur,
1024 1715 1200 1757 etiamsi
1228 1730 1269 1758 v,
1300 1713 1550 1773 καθίστημι

76 1771 253 1814 reddere
274 1773 602 1830 explanaveriS.
663 1772 848 1816 Scilicet
876 1788 975 1816 esse
1001 1772 1152 1828 aliqua
1177 1771 1427 1815 conditione
1460 1789 1551 1818 non

30 1839 38 1844 ·
78 1827 222 1870 solum
250 1828 416 1873 (licitur
445 1831 521 1887 qui
554 1845 603 1872 re
629 1831 732 1872 vera
763 1835 853 1883 est,
895 1828 972 1872 sed
1002 1829 1134 1871 etiam
1162 1829 1239 1883 qui
1270 1834 1348 1871 aut
1367 1829 1454 1871 sihi
1474 1836 1552 1874 aut

80 1883 186 1926 aliis
216 1899 315 1928 esse
343 1885 533 1929 videtur.
602 1885 671 1929 Cf.
695 1889 720 1928 l
743 1886 847 1929 Cor.
867 1886 920 1938 4,
941 1885 985 1929 8.
1030 1884 1140 1927 Luc.
1163 1885 1386 1927 Caucasus
1415 1901 1454 1930 c.
1478 1888 1550 1933 13.

77 1934 109 1994 ἢ
129 1939 183 1982 σὺ
203 1939 346 1993 δεῖξόν
363 1957 407 1984 τι
429 1943 501 1983 καὶ
521 1938 568 1984 ’ἓν
591 1940 640 1983 τὸ
667 1941 958 1995 μικρότατον,
994 1937 1111 1993 κάγὼ
1137 1938 1422 1997 σιωπήσομαι
1458 1947 1552 1988 καὶ

84 1995 279 2040 δίκαια
310 1995 513 2051 ἔσομαι
543 1997 848 2048 πεπονθὼς
876 1997 1016 2052 πρὸς
1051 1995 1190 2050 ὑμῶν
1219 1999 1295 2053 (-
1319 2013 1460 2055 neque
1482 2002 1552 2043 in-

81 2053 328 2107 tercedam,
361 2055 592 2111 quominus
613 2055 737 2113 justa
765 2070 788 2096 a
820 2054 945 2096 vobis
967 2068 1205 2112 perpessus
1226 2070 1325 2097 esse
1339 2055 1554 2113 judicer).

81 2108 278 2154 Proinde
315 2111 354 2153 si
391 2110 638 2168 καθίστημι
675 2112 720 2155 h.
748 2112 781 2155 l.
805 2111 954 2169 faeere
983 2110 1233 2165 denotaret,
1284 2113 1554 2170 praecedens

85 2167 332 2225 disputatio
364 2169 475 2210 hanc
503 2168 913 2226 interpretationem
942 2170 1218 2225 postularet:
1256 2169 1422 2212 Adami
1450 2186 1554 2215 con-

85 2226 276 2268 tumacia
299 2230 552 2284 peccatores
570 2226 727 2268 redditi
744 2225 873 2268 multi
895 2232 1020 2278 sunt,
1058 2241 1132 2284 np.
1165 2240 1337 2279 corum,
1378 2229 1455 2284 qui
1484 2243 1555 2272 re-

87 2286 157 2324 cte
163 2281 371 2348 judicare
394 2287 601 2339 possent,
631 2282 877 2335 sententia,
909 2297 1040 2339 quum
1073 2283 1320 2340 peccavisse
1350 2284 1426 2340 qui
1453 2300 1555 2343 pec-

85 2343 176 2381 eati
204 2354 388 2397 poenam
416 2338 659 2382 subiissent
686 2339 753 2394 (h.
773 2355 813 2383 e.
842 2344 1026 2382 mortem
1053 2339 1289 2393 adiissent)
1317 2340 1427 2383 hene
1454 2357 1558 2386 con-

87 2397 351 2448 clusissent3
400 2411 485 2438 non
526 2396 659 2438 aliter
698 2395 868 2440 Christi
905 2396 1118 2453 obsequio
1157 2396 1286 2454 probi
1327 2399 1559 2445 reddentur

89 2453 219 2496 multi
236 2453 334 2497 scil.
354 2452 631 2496 cordatorum
661 2453 885 2496 hominum
905 2452 1101 2511 judicio,
1132 2454 1208 2509 qui
1237 2454 1294 2495 iis
1321 2454 1557 2512 integrita-

88 2516 176 2553 tem
195 2510 408 2552 trihutam
428 2524 526 2553 esse
547 2510 824 2565 intelligent,
852 2510 1012 2566 quihus
1035 2511 1169 2553 vitam
1201 2525 1462 2567 perennem,
1490 2515 1559 2557 in-

89 2567 317 2623 tegritatis
334 2567 522 2609 fructum
537 2601 549 2619 ‚
579 2566 804 2611 Christum
824 2566 1145 2625 adjudicas-isse.
1175 2566 1381 2613 viderint.
1438 2570 1559 2614 Huic

92 2625 390 2678 enarrationi,
432 2638 544 2680 quae
573 2622 776 2676 eandem,
816 2638 944 2680 quam
977 2624 1182 2689 superius
1209 2625 1414 2682 probata,
1458 2643 1558 2670 sen-

35 2682 49 2720 '.
93 2682 279 2724 tentiam
318 2680 526 2738 praebeat
563 2679 779 2739 ejusmodi
818 2682 941 2734 loca,
982 2696 1028 2722 ln
1055 2681 1215 2737 quibus
1245 2683 1339 2724 veri
1366 2686 1558 2727 nominis

96 2737 340 2782 Christiani
363 2738 660 2791 integritatem
680 2736 828 2794 adepti
853 2752 950 2779 esse.
975 2736 1180 2780 dicuntur
1198 2741 1352 2795 (x'.l.)‚
1382 2741 1559 2784 minime

99 2795 274 2840 obstare
314 2796 375 2851 (v.
404 2793 573 2850 Beicle.)
612 2794 892 2852 perspicuum
932 2799 1016 2845 est.
1084 2793 1173 2840 Sed
1200 2809 1279 2854 ego
1313 2797 1560 2858 καθίστημι,
