1752 3347
558 201 1138 250 PROLEGOMENA.
1475 213 1577 242 xtiu

152 321 228 347 rem
255 324 283 344 ω
311 315 357 347 ad
387 315 521 356 neum,
553 315 598 347 de
625 323 694 358 quo
721 314 944 355 potissimum
970 314 1003 345 h.
1023 311 1045 344 l.
1066 309 1256 352 exponitur
1281 309 1409 348 (Hebr.
1428 311 1481 352 13.
1501 311 1557 342 21.
1563 312 1577 343 l

154 361 308 402 pertinet
325 366 361 394 et
376 363 511 394 tallitur
530 361 776 398 Tholucctus.
807 361 867 402 qui
886 361 1037 393 Paulum
1054 366 1161 399 quum
1180 359 1294 390 Deum
1312 357 1497 389 celebrare
1517 365 1578 387 sc-

153 417 236 440 cum
256 408 506 440 constituisset
534 408 653 440 multis
673 416 709 441 v.
728 407 952 447 interpositis
978 407 1028 439 ita
1049 412 1072 437 a
1097 412 1164 436 suo
1190 403 1337 436 consilio
1363 402 1581 435 discessisse

157 454 319 493 putavit,
353 458 392 486 ut
410 454 572 486 laudibus
597 455 670 486 Deo
695 454 893 486 tribuendis
912 461 978 494 per
1001 451 1237 484 anacoluthon
1257 450 1452 482 Christum
1479 450 1582 481 deiu-

155 509 241 540 ceps
270 501 444 533 alficeiet.
495 502 619 541 Neque
644 501 759 532 minus
788 509 850 532 eos
877 507 1003 531 errare
1030 501 1149 538 patet,
1183 498 1242 537 qui
1270 496 1441 534 Paulum,
1474 503 1583 536 quum

154 545 204 587 τῷ
223 544 264 577 δὲ
283 546 476 589 δυναμένῳ
490 544 648 590 -μόνω
666 545 773 587 σοφῶ
791 544 864 587 θεῶ
882 546 1059 577 scriberet
1070 544 1212 584 quidvis
1232 543 1326 576 aliud
1341 549 1386 583 ag„
1375 551 1449 573 ere
1467 542 1584 582 potius

156 598 266 631 quam
295 594 408 624 Deum
444 593 594 624 laud-ire
621 592 783 623 voluisse
807 593 940 631 opinati
970 592 1098 623 deinde
1127 599 1191 629 per
1218 589 1454 621 anacoluthon
1483 587 1584 628 prius

156 638 225 670 Dei
243 631 367 669 laudes
386 638 593 669 celebrasse
611 642 838 678 statuerunt,
866 645 970 677 quam
987 639 1134 669 verbum
1155 636 1377 674 addidisset
1401 635 1495 666 unde
1509 635 1586 667 Da-

157 683 225 716 11νί
244 681 292 725 τῷ
313 681 354 715 δὲ
381 680 576 725 δυναμένῳ
591 700 637 717 ισ-
652 679 758 726 μόνῳ
777 684 919 725 σοιριῖ.
911 682 984 723 :gm3
1012 686 1237 723 regerentur.
1283 682 1342 715 Er
1344 691 1470 714 asmus·
1488 681 1587 714 Pau-

160 729 230 761 lum
263 730 426 761 scribere
450 728 610 761 voluisse
638 729 753 760 credit
779 737 989 781 ειχαριστιι
988 738 1053 760 ιιεν
1081 729 1252 768 (qr-atius
1281 729 1482 779 ammas),
1516 727 1585 760 Er.

160 776 377 808 ‚Schmidius
407 778 443 807 et
471 774 717 811 Gloeclclerus
746 776 940 816 συιίστηιιι
968 770 1063 824 ὑμᾶς
1090 775 1363 823 (παρατίθεμαι
1392 768 1487 817 ὑαᾶς
1507 775 1587 805 A.ct

161 822 218 863 20,
237 823 310 858 32)
344 821 555 854 commendo
581 821 874 862 vos,.‚Koppius
897 817 1142 864 noos-eigana!
1173 819 1255 850 mot
1280 816 1406 861 ὐιιῶν,
1453 819 1516 850 ἵνα
1544 837 1589 842 ——-

161 874 298 906 precor
310 870 470 906 propter
488 876 555 899 vos
571 867 623 899 ad
641 875 745 908 eum,
778 869 842 909 qui
858 884 924 910 -,
956 868 1066 899 ut—
1079 890 1087 898 .
1136 867 1237 898 Haec
1263 867 1422 898 ridicula.
1465 868 1590 906 Neque

161 914 300 955 leyeri
323 912 441 953 opinio
467 922 536 945 non
563 914 744 956 absurda,
778 914 837 954 qui
866 914 1017 945 Dativos
1038 912 1082 944 ab
1107 907 1218 954 Λιιὴν
1247 921 1281 943 v.
1302 910 1356 944 24.
1384 913 1589 953 suspendit:

162 959 282 992 Amen
307 961 437 992 autem
461 960 495 992 ei
522 960 597 1011 sit,
628 959 774 1000 qui—.
825 961 898 991 luno
921 960 958 992 P.
970 982 980 1000 ,
1015 959 1073 999 qui
1101 959 1221 990 dicere
1249 959 1438 991 debuerat:
1475 957 1522 1000 1ιῦ
1550 955 1589 988 δὲ

163 1003 358 1047 δυναμένῳ
377 1020 445 1046 --,
484 999 588 1046 μόνω
609 1007 742 1048 σοᾳῴ
734 1004 808 1047 θιεῷ
827 1003 888 1037 διὰ
905 1002 935 1036 Ἰ
963 1006 1031 1047 Χο.
1046 1028 1056 1046 ,
1090 999 1109 1044 ἡ
1128 1000 1217 1041 ὸόξα
1239 1004 1288 1038 εἰς
1309 1002 1392 1040 τοὺς
1419 1003 1566 1039 αἰῶνας,
1582 1027 1590 1042 ,

162 1051 300 1092 periodi
319 1039 604 1091 amplitudinem
628 1055 713 1084 ante
732 1053 906 1084 dictorum
927 1052 1139 1085 oblivionem
1161 1051 1360 1093 adductus,
1395 1059 1501 1090 quum
1525 1050 1593 1082 ali-

164 1105 274 1139 quam
294 1099 507 1130 sententiam
528 1099 573 1128 de
592 1099 688 1139 Deo,
717 1100 870 1137 plemam
892 1106 961 1136 per
978 1107 1058 1131 sese
1075 1099 1141 1129 sed
1165 1105 1258 1138 quae
1275 1098 1342 1129 Dei
1359 1097 1486 1128 laudes
1505 1105 1594 1128 non-

165 1145 251 1176 dum
268 1144 488 1176 celebrasset
507 1144 675 1197 posuisse
699 1144 764 1176 sibi
784 1145 990 1199 videretur,
1022 1152 1088 1185 per
1111 1144 1347 1175 anacoluthon
1375 1143 1440 1175 Dei
1469 1144 1595 1176 laudes

167 1190 340 1223 attexuit:
370 1206 416 1216 ψ-
433 1207 480 1212 -
499 1189 557 1221 cui
584 1192 700 1227 (Deo)
728 1191 847 1223 debita
868 1192 946 1223 laus
970 1192 1007 1222 111
1028 1194 1216 1223 aeternum
1234 1190 1430 1222 tribuatur.
1475 1190 1598 1221 Simile

169 1237 303 1269 obtinet
321 1236 559 1268 anacoluthon
584 1238 666 1268 Act.
685 1236 742 1279 ›4,
760 1238 792 1269 5.
811 1239 843 1269 6.
863 1254 908 1263 »-
954 1233 998 1267 ὃν
1022 1235 1082 1268 και.
1111 1232 1364 1279 ἒκοατήσιεμεν
1389 1236 1599 1274 (dicendum

168 1283 292 1314 fuerat
311 1277 561 1323 ἐκρατήσαυεν
579 1277 725 1320 αὐτόν).
773 1285 861 1315 Tum
882 1283 914 1314 si
931 1284 975 1314 ab
999 1284 1208 1316 anacolutho
1235 1282 1473 1325 discesseris,
1500 1286 1599 1315 recte

169 1338 251 1361 cuin
270 1329 302 1361 h.
323 1329 345 1360 l.
363 1329 560 1360 contendas
585 1332 607 1362 2
625 1329 714 1361 Tim.
732 1328 766 1370 4,
785 1331 838 1362 18.
872 1330 980 1361 Hebr.
1001 1332 1056 1367 13,
1074 1331 1129 1362 20
1148 1331 1202 1361 21.
1223 1347 1270 1353 ——-
1315 1330 1487 1362 Ceterum
1507 1330 1601 1362 Rei-

169 1376 251 1407 chii
269 1374 467 1413 sententia,
499 1382 603 1415 quam
632 1378 667 1406 et
684 1372 738 1406 hic
756 1379 791 1407 et
818 1375 887 1407 alio
905 1377 926 1407 l.
953 1377 1008 1414 (v.
1030 1371 1180 1418 Quaem.
1198 1373 1231 1410 ὓ.
1250 1372 1288 1414 3.
1310 1377 1409 1409 1835.
1438 1377 1481 1408 N.
1499 1377 1600 1411 222.)

171 1427 342 1453 evertere
368 1421 507 1458 studui,
551 1429 676 1461 parum
714 1422 905 1461 probabilis
930 1426 986 1454 est
1015 1430 1079 1460 per
1103 1431 1198 1454 sese.
1262 1423 1353 1454 Nam
1381 1423 1505 1460 homo,
1541 1421 1601 1461 qui

173 1467 285 1499 Paulo
304 1467 544 1506 doxoloyicem
563 1475 767 1506 supponere
789 1468 983 1505 voluisset,
1023 1476 1093 1499 non
1110 1475 1189 1500 eam
1209 1477 1254 1499 ex
1271 1468 1433 1500 formulis
1455 1476 1602 1507 compo-

172 1513 330 1552 suisset,
361 1518 453 1552 quas
471 1513 647 1554 undique,
671 1514 703 1544 Ιι.
723 1522 753 1545 e.
773 1517 846 1545 tum
864 1523 883 1544 e
903 1513 1004 1545 Pauli
1026 1516 1099 1545 tum
1119 1523 1162 1546 ex
1180 1514 1332 1546 aliorum
1354 1514 1498 1554 scriptis
1519 1523 1603 1547 cor-

173 1559 348 1598 rasisset,
397 1559 462 1589 sed
495 1567 540 1590 ex
563 1560 657 1591 solis
683 1559 797 1591 Pauli
821 1560 1034 1599 domoloyiz‘s
1067 1563 1203 1592 temere
1239 1568 1319 1592 eam
1355 1561 1602 1593 conflavisset.

174 1605 314 1638 Deinde
336 1613 445 1645 quum
467 1601 641 1645 ejusmodi
659 1606 817 1637 homines
841 1605 994 1637 maxime
1016 1606 1191 1638 usitatam
1216 1608 1254 1638 et
1276 1607 1384 1648 quasi
1412 1608 1605 1639 rotundam

173 1652 372 1684 verborum
392 1652 695 1683 constructionem
718 1652 920 1683 consectari
946 1652 1106 1696 soleant,
1137 1655 1295 1694 nugator
1319 1653 1558 1686 anacoluthon
1577 1664 1605 1683 ιι

174 1693 197 1737 ἡ
216 1691 309 1734 δόξα
325 1707 358 1729 κ.
368 1706 399 1728 τ.
408 1696 440 1729 λ.
452 1699 549 1730 haud
567 1698 672 1730 dubie
687 1698 902 1735 devitasset,
920 1699 1014 1737 quod
1033 1699 1252 1737 praesertim
1269 1700 1307 1732 in
1323 1696 1417 1731 nuun
1429 1700 1606 1732 Paulido-

176 1739 314 1797 xologiii
337 1744 551 1776 invenisset.
609 1746 700 1777 Tum
726 1745 1023 1798 interpolationes
1056 1753 1101 1777 ex
1129 1754 1267 1778 summa
1282 1746 1455 1779 lectionis
1482 1747 1607 1778 incon-

177 1784 314 1823 stantia
327 1793 623 1845 cognoscuntur.
671 1793 721 1823 At
749 1791 784 1822 in
810 1790 888 1822 tota
914 1788 1097 1831 doxologiri
1120 1801 1165 1824 ne
1188 1800 1260 1824 una
1286 1793 1427 1833 quidem
1445 1794 1609 1824 varietas

177 1839 248 1875 est,
271 1845 340 1877 qua
357 1839 561 1869 sententiae
578 1845 721 1869 summa
738 1839 910 1869 mutet..ur
948 1838 1111 1877 Denique
1133 1839 1236 1870 Pauli
1256 1839 1416 1871 imitator
1428 1836 1609 1881 jejunam,

179 1883 372 1915 verbosam
392 1885 430 1916 et
446 1884 592 1915 aliunde
611 1891 821 1923 expressam
841 1884 1063 1924 doxologiam
1094 1893 1304 1925 componere
1331 1886 1609 1926 [1011111.ᾱοΧο-

179 1930 312 1971 logiam
335 1930 410 1961 tam
436 1938 593 1974 novam,
631 1933 707 1962 tam
733 1930 947 1970 expeditam.
965 1932 1002 1961 et
1028 1938 1133 1971 quam
1160 1932 1258 1971 pium
1288 1931 1405 1964 virum
1435 1936 1611 1965 commoto

182 1977 301 2009 animo
324 1975 442 2007 subito
469 1977 683 2020 scripsisse,
727 1985 797 2008 non
825 1977 995 2018 frigidum
1022 1977 1293 2017 compilatorem
1322 1978 1504 2010 laboriose
1524 1987 1610 2010 con-

183 2022 346 2054 texuisse
364 2021 471 2054 facile
484 2023 622 2055 sentias
635 2045 645 2063 ,
669 2023 858 2055 sententiis
879 2023 1043 2062 paullinis
1061 2029 1132 2055 tam
1154 2025 1329 2056 refertam
1349 2027 1385 2056 et
1400 2028 1612 2067 argumento

181 2068 359 2110 epistolae
377 2068 424 2100 ad
441 2070 542 2101 Rom.
561 2071 637 2103 tam
656 2070 962 2102 accommodatam
981 2070 1159 2103 conficere
1177 2079 1246 2104 11011
1263 2072 1392 2112 potuit.

278 2168 376 2208 Duo,
417 2168 488 2202 nisi
511 2170 640 2211 fallor,
681 2173 809 2205 nostra
841 2171 1051 2214 doxologiae
1083 2169 1336 2211 interpretatio
1367 2170 1611 2203 demonstrat:

187 2214 353 2249 Paulum
371 2224 455 2248 esse
481 2217 688 2258 doxologiae
716 2220 901 2250 auctorem
923 2220 958 2250 et
980 2218 1013 2250 111
1034 2218 1152 2259 aliquo
1179 2217 1362 2258 epistolae
1384 2218 1435 2248 ad
1458 2217 1565 2250 Rom.
1589 2218 1613 2249 l.

187 2269 267 2294 eam
294 2262 509 2302 scriptorem
536 2264 714 2304 posuisse.
762 2264 979 2297 Rectissime
1005 2265 1096 2297 enim
1119 2265 1161 2297 Ρ.
1179 2264 1216 2295 111
1238 2271 1294 2302 ep·
1304 2284 1313 2298 ,
1346 2258 1412 2302 (1115
1432 2264 1615 2296 Romanos

187 2307 226 2339 in
251 2306 384 2340 Christi
411 2305 572 2342 doctrina
599 2311 839 2344 corroborare
865 2311 1042 2343 voluisset
1063 2313 1096 2351 1,
1122 2311 1176 2343 11.
1197 2319 1250 2349 sq.
1280 2309 1396 2340 Deum
1422 2318 1502 2341 eum
1531 2319 1616 2342 esse

188 2353 300 2396 dixit,
336 2355 398 2395 qui
418 2356 575 2388 lectores
599 2357 636 2388 in
663 2352 721 2388 illa
739 2351 898 2389 doctrina
925 2356 1137 2389 confirmare
1155 2356 1279 2396 posset
1300 2357 1355 2393 16,
1376 2354 1443 2389 25..
1490 2357 1616 2398 Neque

191 2399 311 2430 minus
329 2403 431 2432 recte
440 2403 482 2434 P.
497 2404 692 2444 Romanos,
711 2412 798 2444 quos
816 2412 856 2434 se
875 2412 940 2444 per
961 2403 1088 2436 literas
1105 2402 1316 2442 Apostolum
1328 2398 1413 2442 jure
1435 2410 1499 2434 suo
1518 2412 1617 2436 00111-

188 2451 338 2478 monere
363 2455 408 2478 ex
433 2455 475 2479 eo
502 2427 733 2493 ostenderat,
769 2450 860 2491 quod
880 2451 921 2481 ut
940 2458 1065 2483 omnes
1085 2450 1262 2481 natwnes
1289 2448 1473 2480 doctrinae
1492 2450 1618 2482 christ.

191 2491 431 2531 obsequentes
448 2495 619 2527 redderet
637 2496 758 2528 factus
775 2497 875 2528 esset
883 2496 1076 2535 Apostolus
1096 2496 1129 2535 1,
1150 2494 1202 2537 5.,
1224 2494 1271 2527 ad
1285 2494 1460 2534 pietatem
1480 2497 1516 2527 et
1529 2505 1618 2534 ‹rra-

192 2536 328 2569 tiarum
347 2539 521 2572 actionem
540 2549 582 2573 eo
602 2542 784 2574 adducere
801 2544 952 2574 conatus
976 2543 1052 2580 est,
1087 2542 1182 2582 quod
1201 2548 1372 2573 arcanam
1390 2542 1455 2573 Dei
1480 2542 1619 2574 doctri-

191 2590 278 2615 nam
295 2592 411 2623 nuper
429 2586 570 2618 demum
587 2590 846 2629 promulgatam
871 2596 936 2630 per
964 2589 1216 2628 prophetarum
1239 2586 1376 2626 scripta
1396 2589 1537 2622 aeterni
1552 2589 1620 2621 Dei

193 2631 390 2668 mandatu.
422 2633 462 2662 ut
486 2632 519 2663 ei
539 2633 870 2675 obtemperaretur,
906 2643 987 2665 cum
1016 2634 1185 2666 omnibus
1211 2633 1371 2671 (multis)
1398 2636 1619 2668 nationibus

194 2683 315 2716 neque
331 2685 407 2709 non
423 2686 506 2710 cum
527 2679 708 2712 Romanis
726 2681 1024 2713 communicatam
1052 2688 1135 2711 esse
1152 2680 1288 2711 monuit
1304 2681 1358 2722 16,
1377 2683 1445 2713 26..
1490 2681 1619 2721 Sequi-

198 2724 278 2763 tur,
300 2725 341 2754 ut
356 2723 399 2754 t'n
420 2731 491 2764 quo
511 2733 566 2764 ep.
585 2726 636 2758 ad
653 2726 759 2759 Rom.
784 2727 808 2758 l.
826 2727 867 2758 P.
888 2726 1108 2766 doxologiam
1129 2726 1359 2758 collocaverit
1375 2726 1618 2767 anquiramus.

198 2769 336 2808 Nempe
357 2769 580 2810 doxologiam
609 2771 641 2802 111
669 2780 699 2802 c.
722 2773 775 2804 16.
809 2773 908 2804 calce
935 2772 1096 2804 exhibent
1120 2773 1159 2804 B.
1184 2771 1224 2805 C.
1257 2774 1300 2806 D.
1334 2781 1357 2805 a
1374 2783 1406 2813 p.
1426 2782 1471 2805 m.
1501 2775 1542 2806 E.
1566 2775 1620 2805 16.

199 2815 315 2856 (quod
333 2821 353 2848 e
369 2815 583 2857 Wetstem‘ae‘,
604 2817 664 2858 qui
682 2819 772 2852 hunc
785 2818 849 2852 Cd.
871 2818 1031 2857 contulit.
1048 2818 1187 2854 silentio
1204 2819 1398 2862 colligitur]
1420 2821 1475 2853 66.
1494 2823 1620 2858 (eras-
