<?xml version="1.0" encoding="UTF-8"?>
<!DOCTYPE html PUBLIC "-//W3C//DTD XHTML 1.0 Transitional//EN"
    "http://www.w3.org/TR/xhtml1/DTD/xhtml1-transitional.dtd">
<html xmlns="http://www.w3.org/1999/xhtml" xml:lang="en" lang="en">
 <head>
  <title>
</title>
<meta http-equiv="Content-Type" content="text/html;charset=utf-8" />
  <meta name='ocr-system' content='tesseract 3.04.00' />
  <meta name='ocr-capabilities' content='ocr_page ocr_carea ocr_par ocr_line ocrx_word'/>
</head>
<body>
  <div class='ocr_page' id='page_1' title='image "./pauliadromanosep01frituoft_0205.png"; bbox 0 0 1752 3347; ppageno 0'>
   <div class='ocr_carea' id='block_1_1' title="bbox 526 212 1470 270">
    <p class='ocr_par' dir='ltr' id='par_1_1' title="bbox 526 212 1470 270">
     <span class='ocr_line' id='line_1_1' title="bbox 526 212 1470 270; baseline -0.003 -1"><span class='ocrx_word' id='word_1_1' title='bbox 526 212 936 270; x_wconf 73' lang='lat' dir='ltr'>Excunsus,</span> <span class='ocrx_word' id='word_1_2' title='bbox 1385 223 1470 266; x_wconf 79' lang='lat'>145</span> 
     </span>
    </p>
   </div>
   <div class='ocr_carea' id='block_1_2' title="bbox 0 341 1473 435">
    <p class='ocr_par' dir='ltr' id='par_1_2' title="bbox 0 341 1473 435">
     <span class='ocr_line' id='line_1_2' title="bbox 0 341 1473 395; baseline -0.005 -15"><span class='ocrx_word' id='word_1_3' title='bbox 0 343 115 390; x_wconf 73' lang='lat'>27,14.</span> <span class='ocrx_word' id='word_1_4' title='bbox 137 342 263 393; x_wconf 54' lang='lat' dir='ltr'>(flfl&#39;Z</span> <span class='ocrx_word' id='word_1_5' title='bbox 292 346 375 395; x_wconf 58' lang='lat'>3272</span> <span class='ocrx_word' id='word_1_6' title='bbox 402 341 461 378; x_wconf 78' lang='lat' dir='ltr'>Ps.</span> <span class='ocrx_word' id='word_1_7' title='bbox 481 344 602 387; x_wconf 83' lang='lat'>5,11.)</span> <span class='ocrx_word' id='word_1_8' title='bbox 620 342 785 376; x_wconf 76' lang='lat' dir='ltr'>Jehovae</span> <span class='ocrx_word' id='word_1_9' title='bbox 808 343 1005 385; x_wconf 79' lang='lat' dir='ltr'>imperium</span> <span class='ocrx_word' id='word_1_10' title='bbox 1031 343 1240 375; x_wconf 80' lang='lat' dir='ltr'><em>detrectare</em></span> <span class='ocrx_word' id='word_1_11' title='bbox 1265 347 1299 373; x_wconf 87' lang='lat' dir='ltr'>et</span> <span class='ocrx_word' id='word_1_12' title='bbox 1324 344 1395 389; x_wconf 42' lang='lat' dir='ltr'>&#39;ny-&#39;3</span> <span class='ocrx_word' id='word_1_13' title='bbox 1411 342 1473 377; x_wconf 65' lang='grc' dir='ltr'>ΕΖ,</span> 
     </span>
     <span class='ocr_line' id='line_1_3' title="bbox 0 385 1472 435; baseline -0.003 -8"><span class='ocrx_word' id='word_1_14' title='bbox 0 393 29 431; x_wconf 76' lang='grc' dir='ltr'>Ξ,</span> <span class='ocrx_word' id='word_1_15' title='bbox 40 391 74 426; x_wconf 72' lang='grc' dir='ltr'>δ’.</span> <span class='ocrx_word' id='word_1_16' title='bbox 95 390 325 424; x_wconf 76' lang='lat' dir='ltr'><em>contumacia</em></span> <span class='ocrx_word' id='word_1_17' title='bbox 340 389 560 435; x_wconf 88' lang='lat' dir='ltr'>respondere</span> <span class='ocrx_word' id='word_1_18' title='bbox 584 388 856 423; x_wconf 86' lang='lat' dir='ltr'>contenderunt.</span> <span class='ocrx_word' id='word_1_19' title='bbox 907 387 1018 432; x_wconf 85' lang='lat' dir='ltr'>Quod</span> <span class='ocrx_word' id='word_1_20' title='bbox 1036 399 1140 432; x_wconf 82' lang='lat' dir='ltr'>quani</span> <span class='ocrx_word' id='word_1_21' title='bbox 1164 393 1296 420; x_wconf 71' lang='lat' dir='ltr'>temere</span> <span class='ocrx_word' id='word_1_22' title='bbox 1318 385 1472 423; x_wconf 78' lang='lat' dir='ltr'>dixerint</span> 
     </span>
    </p>
   </div>
   <div class='ocr_carea' id='block_1_3' title="bbox 0 439 1472 585">
    <p class='ocr_par' dir='ltr' id='par_1_3' title="bbox 0 439 1472 585">
     <span class='ocr_line' id='line_1_4' title="bbox 0 439 1472 491; baseline -0.005 -8"><span class='ocrx_word' id='word_1_23' title='bbox 0 461 35 483; x_wconf 83' lang='lat' dir='ltr'>ex</span> <span class='ocrx_word' id='word_1_24' title='bbox 52 455 94 482; x_wconf 84' lang='lat' dir='ltr'>e&#39;o</span> <span class='ocrx_word' id='word_1_25' title='bbox 113 445 339 481; x_wconf 82' lang='lat' dir='ltr'>manifestum</span> <span class='ocrx_word' id='word_1_26' title='bbox 357 453 427 489; x_wconf 85' lang='lat' dir='ltr'>est,</span> <span class='ocrx_word' id='word_1_27' title='bbox 459 445 555 490; x_wconf 87' lang='lat' dir='ltr'>quod</span> <span class='ocrx_word' id='word_1_28' title='bbox 576 444 671 479; x_wconf 82' lang='lat' dir='ltr'>Lxx</span> <span class='ocrx_word' id='word_1_29' title='bbox 700 457 884 489; x_wconf 89' lang='lat' dir='ltr'>nunquam</span> <span class='ocrx_word' id='word_1_30' title='bbox 906 447 989 491; x_wconf 61' lang='lat'>³272</span> <span class='ocrx_word' id='word_1_31' title='bbox 1035 439 1270 487; x_wconf 67' lang='grc' dir='ltr'>ἔριθεύεσθαι</span> <span class='ocrx_word' id='word_1_32' title='bbox 1307 449 1368 480; x_wconf 87' lang='lat' dir='ltr'>aut</span> <span class='ocrx_word' id='word_1_33' title='bbox 1400 447 1472 489; x_wconf 58' lang='lat'>&#39;‘7⁷³-</span> 
     </span>
     <span class='ocr_line' id='line_1_5' title="bbox 0 485 1472 537; baseline -0.005 -8"><span class='ocrx_word' id='word_1_34' title='bbox 0 491 14 536; x_wconf 79' lang='grc' dir='ltr'><em>ἧ</em></span> <span class='ocrx_word' id='word_1_35' title='bbox 39 494 179 537; x_wconf 60' lang='lat' dir='ltr'>totana</span> <span class='ocrx_word' id='word_1_36' title='bbox 208 498 405 527; x_wconf 82' lang='lat' dir='ltr'>verterunt.</span> <span class='ocrx_word' id='word_1_37' title='bbox 456 491 603 524; x_wconf 85' lang='lat' dir='ltr'>Nullum</span> <span class='ocrx_word' id='word_1_38' title='bbox 635 491 742 535; x_wconf 85' lang='lat' dir='ltr'>igitur</span> <span class='ocrx_word' id='word_1_39' title='bbox 768 490 1029 524; x_wconf 82' lang='lat' dir='ltr'>commercium</span> <span class='ocrx_word' id='word_1_40' title='bbox 1061 489 1152 523; x_wconf 86' lang='lat' dir='ltr'>inter</span> <span class='ocrx_word' id='word_1_41' title='bbox 1177 485 1410 536; x_wconf 69' lang='grc' dir='ltr'>ἔριθεύεσθαι</span> <span class='ocrx_word' id='word_1_42' title='bbox 1437 488 1472 523; x_wconf 81' lang='lat' dir='ltr'>ei</span> 
     </span>
     <span class='ocr_line' id='line_1_6' title="bbox 0 533 1472 585; baseline -0.004 -11"><span class='ocrx_word' id='word_1_43' title='bbox 0 541 134 585; x_wconf 58' lang='lat' dir='ltr'>{panta</span> <span class='ocrx_word' id='word_1_44' title='bbox 156 544 187 573; x_wconf 87' lang='lat' dir='ltr'>et</span> <span class='ocrx_word' id='word_1_45' title='bbox 203 537 297 572; x_wconf 88' lang='lat' dir='ltr'>inter</span> <span class='ocrx_word' id='word_1_46' title='bbox 315 537 371 571; x_wconf 90' lang='lat' dir='ltr'>illa</span> <span class='ocrx_word' id='word_1_47' title='bbox 391 550 425 571; x_wconf 88' lang='lat' dir='ltr'>v.</span> <span class='ocrx_word' id='word_1_48' title='bbox 444 536 543 570; x_wconf 86' lang='lat' dir='ltr'>hebr.</span> <span class='ocrx_word' id='word_1_49' title='bbox 568 535 767 569; x_wconf 73' lang='lat' dir='ltr'>intercedit.</span> <span class='ocrx_word' id='word_1_50' title='bbox 818 536 934 579; x_wconf 86' lang='lat' dir='ltr'>Quale</span> <span class='ocrx_word' id='word_1_51' title='bbox 952 542 990 568; x_wconf 90' lang='lat' dir='ltr'>ut</span> <span class='ocrx_word' id='word_1_52' title='bbox 1010 534 1206 569; x_wconf 76' lang='lat' dir='ltr'>obtinuisse</span> <span class='ocrx_word' id='word_1_53' title='bbox 1229 533 1472 575; x_wconf 80' lang='lat' dir='ltr'><strong>ostenderent,</strong></span> 
     </span>
    </p>
   </div>
   <div class='ocr_carea' id='block_1_4' title="bbox 0 590 1472 735">
    <p class='ocr_par' dir='ltr' id='par_1_4' title="bbox 0 590 1472 735">
     <span class='ocr_line' id='line_1_7' title="bbox 0 590 1472 640; baseline -0.005 -9"><span class='ocrx_word' id='word_1_54' title='bbox 0 597 88 631; x_wconf 86' lang='lat' dir='ltr'>LXX</span> <span class='ocrx_word' id='word_1_55' title='bbox 114 598 197 640; x_wconf 54' lang='grc' dir='ltr'>Πᾊξ</span> <span class='ocrx_word' id='word_1_56' title='bbox 223 591 338 626; x_wconf 84' lang='lat' dir='ltr'>verbis</span> <span class='ocrx_word' id='word_1_57' title='bbox 362 592 464 637; x_wconf 75' lang='grc' dir='ltr'><strong><em>ἐρίζω</em></strong></span> <span class='ocrx_word' id='word_1_58' title='bbox 491 600 524 626; x_wconf 88' lang='lat' dir='ltr'>et</span> <span class='ocrx_word' id='word_1_59' title='bbox 552 592 699 635; x_wconf 71' lang='grc' dir='ltr'>ἐρεθίζω</span> <span class='ocrx_word' id='word_1_60' title='bbox 728 591 921 625; x_wconf 79' lang='lat' dir='ltr'>reddidisse</span> <span class='ocrx_word' id='word_1_61' title='bbox 950 592 1199 626; x_wconf 85' lang='lat' dir='ltr'>observarunt.</span> <span class='ocrx_word' id='word_1_62' title='bbox 1254 592 1302 625; x_wconf 77' lang='lat' dir='ltr'>At</span> <span class='ocrx_word' id='word_1_63' title='bbox 1326 590 1359 624; x_wconf 87' lang='lat' dir='ltr'>bi</span> <span class='ocrx_word' id='word_1_64' title='bbox 1387 597 1472 625; x_wconf 84' lang='lat' dir='ltr'>sunt</span> 
     </span>
     <span class='ocr_line' id='line_1_8' title="bbox 0 636 1472 682; baseline -0.004 -6"><span class='ocrx_word' id='word_1_65' title='bbox 0 641 73 676; x_wconf 72' lang='lat' dir='ltr'>soni</span> <span class='ocrx_word' id='word_1_66' title='bbox 91 641 224 675; x_wconf 85' lang='lat' dir='ltr'>inanes.</span> <span class='ocrx_word' id='word_1_67' title='bbox 273 636 323 670; x_wconf 86' lang='lat' dir='ltr'>lta</span> <span class='ocrx_word' id='word_1_68' title='bbox 351 638 445 670; x_wconf 89' lang='lat' dir='ltr'>enim</span> <span class='ocrx_word' id='word_1_69' title='bbox 475 638 661 681; x_wconf 73' lang='lat' dir='ltr'>statuitur,</span> <span class='ocrx_word' id='word_1_70' title='bbox 694 636 790 682; x_wconf 91' lang='lat' dir='ltr'>quod</span> <span class='ocrx_word' id='word_1_71' title='bbox 819 637 1015 671; x_wconf 87' lang='lat' dir='ltr'>existimare</span> <span class='ocrx_word' id='word_1_72' title='bbox 1042 637 1236 671; x_wconf 83' lang='lat' dir='ltr'>absurdum</span> <span class='ocrx_word' id='word_1_73' title='bbox 1266 642 1340 676; x_wconf 85' lang='lat' dir='ltr'>est,</span> <span class='ocrx_word' id='word_1_74' title='bbox 1369 636 1472 671; x_wconf 74' lang='lat' dir='ltr'>vocis</span> 
     </span>
     <span class='ocr_line' id='line_1_9' title="bbox 0 681 1471 735; baseline -0.001 -19"><span class='ocrx_word' id='word_1_75' title='bbox 0 687 118 735; x_wconf 70' lang='grc' dir='ltr'><em>ἔριθος</em></span> <span class='ocrx_word' id='word_1_76' title='bbox 136 690 171 718; x_wconf 79' lang='lat' dir='ltr'>et</span> <span class='ocrx_word' id='word_1_77' title='bbox 188 689 425 728; x_wconf 85' lang='lat' dir='ltr'>cognatorum</span> <span class='ocrx_word' id='word_1_78' title='bbox 444 694 549 719; x_wconf 85' lang='lat' dir='ltr'>voce.</span> <span class='ocrx_word' id='word_1_79' title='bbox 567 689 753 727; x_wconf 86' lang='lat' dir='ltr'>parentem</span> <span class='ocrx_word' id='word_1_80' title='bbox 772 694 847 715; x_wconf 86' lang='lat' dir='ltr'>esse</span> <span class='ocrx_word' id='word_1_81' title='bbox 866 689 926 716; x_wconf 81' lang='lat' dir='ltr'>aut</span> <span class='ocrx_word' id='word_1_82' title='bbox 944 682 1045 726; x_wconf 73' lang='grc' dir='ltr'><strong><em>ἔρίζω</em></strong></span> <span class='ocrx_word' id='word_1_83' title='bbox 1075 689 1135 717; x_wconf 85' lang='lat' dir='ltr'>aut</span> <span class='ocrx_word' id='word_1_84' title='bbox 1159 683 1320 728; x_wconf 75' lang='grc' dir='ltr'>ἐρεθίζω.</span> <span class='ocrx_word' id='word_1_85' title='bbox 1371 681 1471 726; x_wconf 87' lang='lat' dir='ltr'>Quid</span> 
     </span>
    </p>
   </div>
   <div class='ocr_carea' id='block_1_5' title="bbox 0 736 1472 790">
    <p class='ocr_par' dir='ltr' id='par_1_5' title="bbox 0 736 1472 790">
     <span class='ocr_line' id='line_1_10' title="bbox 0 736 1472 790; baseline -0.003 -12"><span class='ocrx_word' id='word_1_86' title='bbox 0 742 92 790; x_wconf 79' lang='lat' dir='ltr'>quod</span> <span class='ocrx_word' id='word_1_87' title='bbox 120 741 158 775; x_wconf 88' lang='lat' dir='ltr'>in</span> <span class='ocrx_word' id='word_1_88' title='bbox 181 737 331 784; x_wconf 84' lang='lat' dir='ltr'>singulis</span> <span class='ocrx_word' id='word_1_89' title='bbox 356 750 466 783; x_wconf 85' lang='lat' dir='ltr'>paene</span> <span class='ocrx_word' id='word_1_90' title='bbox 494 751 584 784; x_wconf 86' lang='lat' dir='ltr'>quae</span> <span class='ocrx_word' id='word_1_91' title='bbox 613 737 771 772; x_wconf 81' lang='lat' dir='ltr'>citarunt</span> <span class='ocrx_word' id='word_1_92' title='bbox 798 736 824 771; x_wconf 88' lang='lat' dir='ltr'>l.</span> <span class='ocrx_word' id='word_1_93' title='bbox 848 737 955 770; x_wconf 77' lang='lat' dir='ltr'>foede</span> <span class='ocrx_word' id='word_1_94' title='bbox 986 740 1186 774; x_wconf 78' lang='lat' dir='ltr'>errarunt?</span> <span class='ocrx_word' id='word_1_95' title='bbox 1217 740 1279 773; x_wconf 90' lang='lat' dir='ltr'>Ez.</span> <span class='ocrx_word' id='word_1_96' title='bbox 1307 739 1409 779; x_wconf 58' lang='lat'>122.</span> <span class='ocrx_word' id='word_1_97' title='bbox 1431 740 1472 783; x_wconf 57' lang='lat'>&#39;⁶2,</span> 
     </span>
    </p>
   </div>
   <div class='ocr_carea' id='block_1_6' title="bbox 0 791 1472 885">
    <p class='ocr_par' dir='ltr' id='par_1_6' title="bbox 0 791 1472 885">
     <span class='ocr_line' id='line_1_11' title="bbox 0 791 1472 844; baseline -0.003 -12"><span class='ocrx_word' id='word_1_98' title='bbox 0 802 45 843; x_wconf 66' lang='grc' dir='ltr'>ΞΓ]</span> <span class='ocrx_word' id='word_1_99' title='bbox 60 800 132 844; x_wconf 61' lang='grc' dir='ltr'>’ἾῚ-’ζ</span> <span class='ocrx_word' id='word_1_100' title='bbox 152 797 217 838; x_wconf 61' lang='lat'>0⁸³3</span> <span class='ocrx_word' id='word_1_101' title='bbox 237 794 334 828; x_wconf 86' lang='lat' dir='ltr'>LXX</span> <span class='ocrx_word' id='word_1_102' title='bbox 362 793 457 830; x_wconf 75' lang='grc' dir='ltr'><strong><em>διότι</em></strong></span> <span class='ocrx_word' id='word_1_103' title='bbox 483 791 582 834; x_wconf 81' lang='grc' dir='ltr'><em>οἶκος</em></span> <span class='ocrx_word' id='word_1_104' title='bbox 608 806 633 828; x_wconf 85' lang='grc' dir='ltr'>π</span> <span class='ocrx_word' id='word_1_105' title='bbox 647 807 669 827; x_wconf 77' lang='lat' dir='ltr'><em>a</em></span> <span class='ocrx_word' id='word_1_106' title='bbox 681 805 822 838; x_wconf 83' lang='grc' dir='ltr'><strong><em>ραπικ</em></strong></span> <span class='ocrx_word' id='word_1_107' title='bbox 833 805 853 836; x_wconf 82' lang='grc' dir='ltr'><strong><em>ρ</em></strong></span> <span class='ocrx_word' id='word_1_108' title='bbox 864 806 887 826; x_wconf 87' lang='grc' dir='ltr'><strong>α</strong></span> <span class='ocrx_word' id='word_1_109' title='bbox 898 796 979 828; x_wconf 74' lang='lat' dir='ltr'>tvm</span> <span class='ocrx_word' id='word_1_110' title='bbox 992 806 1013 828; x_wconf 84' lang='grc' dir='ltr'>ν</span> <span class='ocrx_word' id='word_1_111' title='bbox 1038 797 1126 830; x_wconf 72' lang='grc' dir='ltr'><em>ἐστί.</em></span> <span class='ocrx_word' id='word_1_112' title='bbox 1187 796 1368 830; x_wconf 85' lang='lat' dir='ltr'>Nimirum</span> <span class='ocrx_word' id='word_1_113' title='bbox 1400 797 1472 839; x_wconf 66' lang='lat'>&#39;&#39;2⁷³-</span> 
     </span>
     <span class='ocr_line' id='line_1_12' title="bbox 0 838 1472 885; baseline -0.003 -7"><span class='ocrx_word' id='word_1_114' title='bbox 0 844 17 880; x_wconf 79' lang='lat' dir='ltr'>i.</span> <span class='ocrx_word' id='word_1_115' title='bbox 34 857 66 879; x_wconf 90' lang='lat' dir='ltr'>e.</span> <span class='ocrx_word' id='word_1_116' title='bbox 83 843 118 878; x_wconf 82' lang='lat' dir='ltr'>h.</span> <span class='ocrx_word' id='word_1_117' title='bbox 136 843 162 878; x_wconf 89' lang='lat' dir='ltr'>l.</span> <span class='ocrx_word' id='word_1_118' title='bbox 178 842 430 885; x_wconf 74' lang='lat' dir='ltr'>contumacia,</span> <span class='ocrx_word' id='word_1_119' title='bbox 456 841 546 875; x_wconf 87' lang='lat' dir='ltr'>male</span> <span class='ocrx_word' id='word_1_120' title='bbox 565 841 811 874; x_wconf 79' lang='lat' dir='ltr'>acerbitatem</span> <span class='ocrx_word' id='word_1_121' title='bbox 835 839 1056 885; x_wconf 84' lang='lat' dir='ltr'>interpretati</span> <span class='ocrx_word' id='word_1_122' title='bbox 1076 847 1172 875; x_wconf 85' lang='lat' dir='ltr'>sunt.</span> <span class='ocrx_word' id='word_1_123' title='bbox 1197 841 1329 875; x_wconf 81' lang='lat' dir='ltr'>Genes.</span> <span class='ocrx_word' id='word_1_124' title='bbox 1349 838 1472 885; x_wconf 66' lang='lat'>26,35·‚</span> 
     </span>
    </p>
   </div>
   <div class='ocr_carea' id='block_1_7' title="bbox 0 887 1474 1005">
    <p class='ocr_par' dir='ltr' id='par_1_7' title="bbox 0 887 1474 1005">
     <span class='ocr_line' id='line_1_13' title="bbox 0 887 1472 949; baseline 0.001 -18"><span class='ocrx_word' id='word_1_125' title='bbox 0 887 119 947; x_wconf 45' lang='lat'>[20:525</span> <span class='ocrx_word' id='word_1_126' title='bbox 138 901 203 944; x_wconf 62' lang='lat'>[¹³²¹.</span> <span class='ocrx_word' id='word_1_127' title='bbox 225 889 304 939; x_wconf 52' lang='lat'>0252</span> <span class='ocrx_word' id='word_1_128' title='bbox 326 898 478 949; x_wconf 49' lang='lat' dir='ltr'>yyy-²22,</span> <span class='ocrx_word' id='word_1_129' title='bbox 506 897 568 932; x_wconf 90' lang='lat' dir='ltr'>ubi</span> <span class='ocrx_word' id='word_1_130' title='bbox 592 896 686 931; x_wconf 85' lang='lat' dir='ltr'>LXX</span> <span class='ocrx_word' id='word_1_131' title='bbox 711 897 772 930; x_wconf 84' lang='grc' dir='ltr'>καὶ</span> <span class='ocrx_word' id='word_1_132' title='bbox 799 890 894 940; x_wconf 75' lang='grc' dir='ltr'><em>ἦσαν</em></span> <span class='ocrx_word' id='word_1_133' title='bbox 920 897 1166 944; x_wconf 73' lang='grc' dir='ltr'><em>ἔρι’ζουσαι</em></span> <span class='ocrx_word' id='word_1_134' title='bbox 1199 899 1248 941; x_wconf 77' lang='grc' dir='ltr'>τῷ</span> <span class='ocrx_word' id='word_1_135' title='bbox 1270 895 1392 932; x_wconf 79' lang='grc' dir='ltr'>Ἰσαάκ</span> <span class='ocrx_word' id='word_1_136' title='bbox 1406 915 1472 938; x_wconf 80' lang='grc'>--,</span> 
     </span>
     <span class='ocr_line' id='line_1_14' title="bbox 0 944 1474 1005; baseline -0.004 -14"><span class='ocrx_word' id='word_1_137' title='bbox 0 945 265 991; x_wconf 68' lang='lat' dir='ltr'>Sub&#39;stimtivum</span> <span class='ocrx_word' id='word_1_138' title='bbox 294 946 372 1005; x_wconf 45' lang='lat'>³2³0</span> <span class='ocrx_word' id='word_1_139' title='bbox 399 953 621 999; x_wconf 77' lang='lat' dir='ltr'>(aegritudo,</span> <span class='ocrx_word' id='word_1_140' title='bbox 653 953 879 989; x_wconf 80' lang='lat' dir='ltr'>exacerbatus</span> <span class='ocrx_word' id='word_1_141' title='bbox 906 953 1046 988; x_wconf 85' lang='lat' dir='ltr'>animus</span> <span class='ocrx_word' id='word_1_142' title='bbox 1075 956 1142 997; x_wconf 55' lang='grc' dir='ltr'>Γ-ἮἾ</span> <span class='ocrx_word' id='word_1_143' title='bbox 1182 944 1279 998; x_wconf 62' lang='grc' dir='ltr'>θζὺῑ)</span> <span class='ocrx_word' id='word_1_144' title='bbox 1319 954 1362 988; x_wconf 87' lang='lat' dir='ltr'>ad</span> <span class='ocrx_word' id='word_1_145' title='bbox 1391 955 1474 1002; x_wconf 53' lang='lat'>*532</span> 
     </span>
    </p>
   </div>
   <div class='ocr_carea' id='block_1_8' title="bbox 0 1007 1478 2485">
    <p class='ocr_par' dir='ltr' id='par_1_8' title="bbox 0 1007 1478 2485">
     <span class='ocr_line' id='line_1_15' title="bbox 0 1007 1471 1066; baseline -0.005 -20"><span class='ocrx_word' id='word_1_146' title='bbox 0 1012 167 1066; x_wconf 67' lang='lat' dir='ltr'>pertinet,</span> <span class='ocrx_word' id='word_1_147' title='bbox 191 1022 266 1045; x_wconf 90' lang='lat' dir='ltr'>non</span> <span class='ocrx_word' id='word_1_148' title='bbox 283 1007 326 1043; x_wconf 86' lang='lat' dir='ltr'>ad</span> <span class='ocrx_word' id='word_1_149' title='bbox 345 1012 425 1059; x_wconf 58' lang='lat'>³272</span> <span class='ocrx_word' id='word_1_150' title='bbox 440 1016 698 1044; x_wconf 82' lang='lat' dir='ltr'>contumacem</span> <span class='ocrx_word' id='word_1_151' title='bbox 715 1021 808 1044; x_wconf 76' lang='lat' dir='ltr'>esse.</span> <span class='ocrx_word' id='word_1_152' title='bbox 858 1009 967 1045; x_wconf 88' lang='lat' dir='ltr'>Deut.</span> <span class='ocrx_word' id='word_1_153' title='bbox 989 1010 1112 1053; x_wconf 73' lang='lat'>21,18.</span> <span class='ocrx_word' id='word_1_154' title='bbox 1130 1012 1188 1045; x_wconf 73' lang='grc' dir='ltr'>ΞΟ.</span> <span class='ocrx_word' id='word_1_155' title='bbox 1208 1008 1317 1053; x_wconf 39' lang='lat' dir='ltr'>flavin-&#39;1</span> <span class='ocrx_word' id='word_1_156' title='bbox 1327 1008 1415 1051; x_wconf 42' lang='lat'>5350</span> <span class='ocrx_word' id='word_1_157' title='bbox 1432 1011 1471 1051; x_wconf 50' lang='lat' dir='ltr'>l}</span> 
     </span>
     <span class='ocr_line' id='line_1_16' title="bbox 0 1054 1473 1103; baseline -0.003 -11"><span class='ocrx_word' id='word_1_158' title='bbox 0 1073 16 1093; x_wconf 84' lang='grc' dir='ltr'>ι.</span> <span class='ocrx_word' id='word_1_159' title='bbox 39 1071 69 1092; x_wconf 86' lang='lat' dir='ltr'>e.</span> <span class='ocrx_word' id='word_1_160' title='bbox 84 1058 186 1103; x_wconf 80' lang='lat' dir='ltr'>filius</span> <span class='ocrx_word' id='word_1_161' title='bbox 211 1057 428 1098; x_wconf 77' lang='lat' dir='ltr'>immorigcr</span> <span class='ocrx_word' id='word_1_162' title='bbox 457 1061 493 1089; x_wconf 82' lang='lat' dir='ltr'>et</span> <span class='ocrx_word' id='word_1_163' title='bbox 518 1063 790 1090; x_wconf 82' lang='lat' dir='ltr'>contumax.</span> <span class='ocrx_word' id='word_1_164' title='bbox 847 1055 955 1091; x_wconf 89' lang='lat' dir='ltr'>LXX.</span> <span class='ocrx_word' id='word_1_165' title='bbox 983 1069 1017 1091; x_wconf 91' lang='lat' dir='ltr'>v.</span> <span class='ocrx_word' id='word_1_166' title='bbox 1052 1057 1103 1090; x_wconf 89' lang='lat'>18.</span> <span class='ocrx_word' id='word_1_167' title='bbox 1133 1055 1212 1095; x_wconf 83' lang='grc' dir='ltr'>υἱὸς</span> <span class='ocrx_word' id='word_1_168' title='bbox 1235 1054 1387 1097; x_wconf 76' lang='grc' dir='ltr'><em>ἀπειθὴς</em></span> <span class='ocrx_word' id='word_1_169' title='bbox 1412 1055 1473 1089; x_wconf 85' lang='grc' dir='ltr'>καὶ</span> 
     </span>
     <span class='ocr_line' id='line_1_17' title="bbox 0 1096 1474 1152; baseline -0.003 -13"><span class='ocrx_word' id='word_1_170' title='bbox 0 1101 193 1152; x_wconf 75' lang='grc' dir='ltr'><strong><em>ἐρεθιστής.</em></strong></span> <span class='ocrx_word' id='word_1_171' title='bbox 241 1116 273 1137; x_wconf 82' lang='lat' dir='ltr'>v.</span> <span class='ocrx_word' id='word_1_172' title='bbox 293 1102 351 1136; x_wconf 75' lang='lat'>20.</span> <span class='ocrx_word' id='word_1_173' title='bbox 387 1099 406 1136; x_wconf 85' lang='grc' dir='ltr'>ὁ</span> <span class='ocrx_word' id='word_1_174' title='bbox 425 1100 503 1141; x_wconf 81' lang='grc' dir='ltr'><strong><em>υἱὸς</em></strong></span> <span class='ocrx_word' id='word_1_175' title='bbox 531 1099 638 1148; x_wconf 84' lang='grc' dir='ltr'><em>ἡμῶν</em></span> <span class='ocrx_word' id='word_1_176' title='bbox 666 1096 771 1141; x_wconf 78' lang='grc' dir='ltr'><em>οὗτος</em></span> <span class='ocrx_word' id='word_1_177' title='bbox 796 1100 947 1136; x_wconf 76' lang='grc' dir='ltr'>ἀπειθεῖ</span> <span class='ocrx_word' id='word_1_178' title='bbox 972 1103 1034 1136; x_wconf 81' lang='grc' dir='ltr'>καὶ</span> <span class='ocrx_word' id='word_1_179' title='bbox 1060 1103 1279 1148; x_wconf 65' lang='grc' dir='ltr'><strong><em>ἐρεθίζει.</em></strong></span> <span class='ocrx_word' id='word_1_180' title='bbox 1328 1101 1474 1136; x_wconf 86' lang='lat' dir='ltr'>Scilicet</span> 
     </span>
     <span class='ocr_line' id='line_1_18' title="bbox 0 1153 1474 1208; baseline -0.001 -16"><span class='ocrx_word' id='word_1_181' title='bbox 0 1153 72 1208; x_wconf 58' lang='grc' dir='ltr'>’1ᾎῇ</span> <span class='ocrx_word' id='word_1_182' title='bbox 91 1159 330 1203; x_wconf 81' lang='lat' dir='ltr'>(contumax)</span> <span class='ocrx_word' id='word_1_183' title='bbox 349 1157 444 1191; x_wconf 88' lang='lat' dir='ltr'>idem</span> <span class='ocrx_word' id='word_1_184' title='bbox 464 1158 561 1204; x_wconf 91' lang='lat' dir='ltr'>quod</span> <span class='ocrx_word' id='word_1_185' title='bbox 578 1157 671 1202; x_wconf 64' lang='grc' dir='ltr'>ἻΤῚὉ</span> <span class='ocrx_word' id='word_1_186' title='bbox 683 1172 758 1194; x_wconf 87' lang='lat' dir='ltr'>esse</span> <span class='ocrx_word' id='word_1_187' title='bbox 769 1159 900 1205; x_wconf 85' lang='lat' dir='ltr'>opinati</span> <span class='ocrx_word' id='word_1_188' title='bbox 912 1166 993 1193; x_wconf 87' lang='lat' dir='ltr'>sunt</span> <span class='ocrx_word' id='word_1_189' title='bbox 1013 1158 1120 1206; x_wconf 89' lang='lat' dir='ltr'>idque</span> <span class='ocrx_word' id='word_1_190' title='bbox 1136 1160 1169 1194; x_wconf 78' lang='lat' dir='ltr'>vi</span> <span class='ocrx_word' id='word_1_191' title='bbox 1187 1156 1474 1194; x_wconf 73' lang='lat' dir='ltr'>activiiexacer-</span> 
     </span>
     <span class='ocr_line' id='line_1_19' title="bbox 0 1204 1476 1265; baseline -0.004 -14"><span class='ocrx_word' id='word_1_192' title='bbox 0 1219 150 1252; x_wconf 71' lang='lat' dir='ltr'>bancam</span> <span class='ocrx_word' id='word_1_193' title='bbox 166 1222 292 1250; x_wconf 85' lang='lat' dir='ltr'>notare</span> <span class='ocrx_word' id='word_1_194' title='bbox 310 1213 378 1248; x_wconf 84' lang='lat' dir='ltr'>sibi</span> <span class='ocrx_word' id='word_1_195' title='bbox 399 1221 664 1259; x_wconf 86' lang='lat' dir='ltr'>persuaserunt.</span> <span class='ocrx_word' id='word_1_196' title='bbox 713 1217 730 1249; x_wconf 91' lang='grc'>1</span> <span class='ocrx_word' id='word_1_197' title='bbox 743 1215 840 1250; x_wconf 85' lang='lat' dir='ltr'>Sam.</span> <span class='ocrx_word' id='word_1_198' title='bbox 858 1215 975 1256; x_wconf 58' lang='lat'>1214.</span> <span class='ocrx_word' id='word_1_199' title='bbox 997 1216 1093 1263; x_wconf 62' lang='lat'>15.³2</span> <span class='ocrx_word' id='word_1_200' title='bbox 1106 1204 1357 1264; x_wconf 45' lang='lat' dir='ltr'>’⁵3²0ss(52&#39;2)</span> <span class='ocrx_word' id='word_1_201' title='bbox 1367 1216 1476 1265; x_wconf 51' lang='lat' dir='ltr'>7³2„ss</span> 
     </span>
     <span class='ocr_line' id='line_1_20' title="bbox 0 1261 1474 1318; baseline -0.001 -11"><span class='ocrx_word' id='word_1_202' title='bbox 0 1273 161 1307; x_wconf 76' lang='lat' dir='ltr'>Jehouae</span> <span class='ocrx_word' id='word_1_203' title='bbox 191 1277 390 1316; x_wconf 73' lang='lat' dir='ltr'>praesepto</span> <span class='ocrx_word' id='word_1_204' title='bbox 417 1282 494 1304; x_wconf 89' lang='lat' dir='ltr'>non</span> <span class='ocrx_word' id='word_1_205' title='bbox 522 1274 666 1306; x_wconf 81' lang='lat' dir='ltr'>obedire</span> <span class='ocrx_word' id='word_1_206' title='bbox 695 1272 790 1306; x_wconf 86' lang='lat' dir='ltr'>LXX</span> <span class='ocrx_word' id='word_1_207' title='bbox 813 1273 940 1318; x_wconf 72' lang='grc' dir='ltr'>ἐρίζειν</span> <span class='ocrx_word' id='word_1_208' title='bbox 965 1274 1014 1318; x_wconf 80' lang='grc' dir='ltr'>τῷ</span> <span class='ocrx_word' id='word_1_209' title='bbox 1041 1269 1197 1318; x_wconf 76' lang='grc' dir='ltr'><strong><em>στόματι</em></strong></span> <span class='ocrx_word' id='word_1_210' title='bbox 1214 1261 1355 1316; x_wconf 45' lang='grc' dir='ltr'><em>’κυρίου</em></span> <span class='ocrx_word' id='word_1_211' title='bbox 1389 1281 1474 1305; x_wconf 79' lang='lat' dir='ltr'>cum</span> 
     </span>
     <span class='ocr_line' id='line_1_21' title="bbox 0 1326 1474 1376; baseline -0.003 -12"><span class='ocrx_word' id='word_1_212' title='bbox 0 1329 139 1364; x_wconf 71' lang='lat' dir='ltr'>Jehovd</span> <span class='ocrx_word' id='word_1_213' title='bbox 157 1329 315 1372; x_wconf 75' lang='lat' dir='ltr'>jurgare</span> <span class='ocrx_word' id='word_1_214' title='bbox 341 1339 415 1361; x_wconf 90' lang='lat' dir='ltr'>non</span> <span class='ocrx_word' id='word_1_215' title='bbox 442 1326 511 1361; x_wconf 84' lang='lat' dir='ltr'>nisi</span> <span class='ocrx_word' id='word_1_216' title='bbox 538 1329 656 1362; x_wconf 81' lang='lat' dir='ltr'>libere</span> <span class='ocrx_word' id='word_1_217' title='bbox 683 1337 959 1375; x_wconf 79' lang='lat' dir='ltr'>converterunt,</span> <span class='ocrx_word' id='word_1_218' title='bbox 993 1334 1084 1368; x_wconf 85' lang='lat' dir='ltr'>sicut</span> <span class='ocrx_word' id='word_1_219' title='bbox 1114 1328 1223 1363; x_wconf 88' lang='lat' dir='ltr'>Deut.</span> <span class='ocrx_word' id='word_1_220' title='bbox 1249 1327 1374 1372; x_wconf 72' lang='lat'>31‚27.</span> <span class='ocrx_word' id='word_1_221' title='bbox 1404 1327 1474 1376; x_wconf 56' lang='lat'><strong>&#39;7²2’</strong></span> 
     </span>
     <span class='ocr_line' id='line_1_22' title="bbox 0 1382 1474 1433; baseline -0.004 -13"><span class='ocrx_word' id='word_1_222' title='bbox 0 1387 226 1431; x_wconf 56' lang='lat' dir='ltr'>[laer-vicardo)</span> <span class='ocrx_word' id='word_1_223' title='bbox 248 1384 313 1421; x_wconf 78' lang='grc' dir='ltr'>τὸν</span> <span class='ocrx_word' id='word_1_224' title='bbox 332 1382 550 1433; x_wconf 76' lang='grc' dir='ltr'><strong><em>ἐρεθισμόν,</em></strong></span> <span class='ocrx_word' id='word_1_225' title='bbox 582 1385 648 1420; x_wconf 88' lang='lat' dir='ltr'>nisi</span> <span class='ocrx_word' id='word_1_226' title='bbox 665 1385 758 1420; x_wconf 81' lang='lat' dir='ltr'>forte</span> <span class='ocrx_word' id='word_1_227' title='bbox 784 1387 831 1420; x_wconf 93' lang='lat' dir='ltr'>ibi</span> <span class='ocrx_word' id='word_1_228' title='bbox 861 1400 1005 1433; x_wconf 88' lang='lat' dir='ltr'>quoque</span> <span class='ocrx_word' id='word_1_229' title='bbox 1023 1391 1093 1431; x_wconf 48' lang='grc' dir='ltr'>ἡκ.)</span> <span class='ocrx_word' id='word_1_230' title='bbox 1112 1384 1204 1418; x_wconf 86' lang='lat' dir='ltr'>male</span> <span class='ocrx_word' id='word_1_231' title='bbox 1234 1397 1302 1430; x_wconf 89' lang='lat' dir='ltr'>pro</span> <span class='ocrx_word' id='word_1_232' title='bbox 1327 1383 1474 1417; x_wconf 84' lang='lat' dir='ltr'>amari-</span> 
     </span>
     <span class='ocr_line' id='line_1_23' title="bbox 0 1429 1472 1479; baseline -0.004 -13"><span class='ocrx_word' id='word_1_233' title='bbox 0 1433 123 1466; x_wconf 80' lang='lat' dir='ltr'>tudine</span> <span class='ocrx_word' id='word_1_234' title='bbox 141 1439 361 1467; x_wconf 84' lang='lat' dir='ltr'>sumserunt.</span> <span class='ocrx_word' id='word_1_235' title='bbox 408 1431 479 1465; x_wconf 78' lang='lat' dir='ltr'>Tot</span> <span class='ocrx_word' id='word_1_236' title='bbox 498 1438 686 1477; x_wconf 83' lang='lat' dir='ltr'>tantosque</span> <span class='ocrx_word' id='word_1_237' title='bbox 709 1445 869 1477; x_wconf 85' lang='lat' dir='ltr'>errores,</span> <span class='ocrx_word' id='word_1_238' title='bbox 895 1434 1055 1479; x_wconf 86' lang='lat' dir='ltr'>quamvis</span> <span class='ocrx_word' id='word_1_239' title='bbox 1076 1432 1094 1466; x_wconf 83' lang='lat' dir='ltr'>a</span> <span class='ocrx_word' id='word_1_240' title='bbox 1113 1431 1247 1474; x_wconf 80' lang='lat' dir='ltr'>magnis</span> <span class='ocrx_word' id='word_1_241' title='bbox 1278 1429 1362 1462; x_wconf 76' lang='lat' dir='ltr'>viris</span> <span class='ocrx_word' id='word_1_242' title='bbox 1389 1439 1472 1473; x_wconf 89' lang='lat' dir='ltr'>par-</span> 
     </span>
     <span class='ocr_line' id='line_1_24' title="bbox 0 1475 1475 1524; baseline -0.003 -13"><span class='ocrx_word' id='word_1_243' title='bbox 0 1477 62 1512; x_wconf 82' lang='lat' dir='ltr'>tim</span> <span class='ocrx_word' id='word_1_244' title='bbox 80 1476 283 1524; x_wconf 83' lang='lat' dir='ltr'>profectos,</span> <span class='ocrx_word' id='word_1_245' title='bbox 311 1477 348 1512; x_wconf 92' lang='lat' dir='ltr'>in</span> <span class='ocrx_word' id='word_1_246' title='bbox 365 1477 470 1522; x_wconf 88' lang='lat' dir='ltr'>hujus</span> <span class='ocrx_word' id='word_1_247' title='bbox 490 1477 613 1511; x_wconf 83' lang='lat' dir='ltr'>aetatis</span> <span class='ocrx_word' id='word_1_248' title='bbox 631 1479 904 1523; x_wconf 86' lang='lat' dir='ltr'>interpretibus,</span> <span class='ocrx_word' id='word_1_249' title='bbox 929 1478 1060 1524; x_wconf 89' lang='lat' dir='ltr'>quibus</span> <span class='ocrx_word' id='word_1_250' title='bbox 1090 1490 1109 1510; x_wconf 88' lang='lat' dir='ltr'>a</span> <span class='ocrx_word' id='word_1_251' title='bbox 1140 1475 1385 1520; x_wconf 86' lang='lat' dir='ltr'>superioribus</span> <span class='ocrx_word' id='word_1_252' title='bbox 1413 1487 1475 1507; x_wconf 85' lang='lat' dir='ltr'>ex-</span> 
     </span>
     <span class='ocr_line' id='line_1_25' title="bbox 0 1520 1473 1571; baseline -0.003 -14"><span class='ocrx_word' id='word_1_253' title='bbox 0 1522 230 1571; x_wconf 87' lang='lat' dir='ltr'>plicatoribus</span> <span class='ocrx_word' id='word_1_254' title='bbox 251 1523 345 1557; x_wconf 85' lang='lat' dir='ltr'>dicta</span> <span class='ocrx_word' id='word_1_255' title='bbox 363 1522 614 1565; x_wconf 80' lang='lat' dir='ltr'>examinanda,</span> <span class='ocrx_word' id='word_1_256' title='bbox 639 1536 713 1556; x_wconf 85' lang='lat' dir='ltr'>non</span> <span class='ocrx_word' id='word_1_257' title='bbox 736 1530 868 1557; x_wconf 77' lang='lat' dir='ltr'>temere</span> <span class='ocrx_word' id='word_1_258' title='bbox 888 1523 1116 1558; x_wconf 83' lang='lat' dir='ltr'>exscribenda</span> <span class='ocrx_word' id='word_1_259' title='bbox 1144 1528 1248 1565; x_wconf 83' lang='lat' dir='ltr'>sunt,</span> <span class='ocrx_word' id='word_1_260' title='bbox 1280 1520 1473 1554; x_wconf 83' lang='lat' dir='ltr'>vehemen-</span> 
     </span>
     <span class='ocr_line' id='line_1_26' title="bbox 0 1566 1476 1614; baseline -0.001 -11"><span class='ocrx_word' id='word_1_261' title='bbox 0 1576 52 1603; x_wconf 92' lang='lat' dir='ltr'>ter</span> <span class='ocrx_word' id='word_1_262' title='bbox 69 1568 241 1613; x_wconf 82' lang='lat' dir='ltr'>castigare</span> <span class='ocrx_word' id='word_1_263' title='bbox 261 1568 354 1603; x_wconf 86' lang='lat' dir='ltr'>licet.</span> <span class='ocrx_word' id='word_1_264' title='bbox 401 1566 579 1602; x_wconf 89' lang='lat' dir='ltr'>Omnium</span> <span class='ocrx_word' id='word_1_265' title='bbox 600 1568 732 1614; x_wconf 86' lang='lat' dir='ltr'>optime</span> <span class='ocrx_word' id='word_1_266' title='bbox 752 1567 788 1602; x_wconf 90' lang='lat' dir='ltr'>S.</span> <span class='ocrx_word' id='word_1_267' title='bbox 811 1568 855 1611; x_wconf 65' lang='lat' dir='ltr'>y.</span> <span class='ocrx_word' id='word_1_268' title='bbox 883 1569 1046 1611; x_wconf 72' lang='lat' dir='ltr'>Ilgenius</span> <span class='ocrx_word' id='word_1_269' title='bbox 1072 1568 1115 1601; x_wconf 88' lang='lat' dir='ltr'>ad</span> <span class='ocrx_word' id='word_1_270' title='bbox 1133 1567 1226 1600; x_wconf 87' lang='lat' dir='ltr'>Tob.</span> <span class='ocrx_word' id='word_1_271' title='bbox 1243 1568 1276 1607; x_wconf 69' lang='lat'>2,</span> <span class='ocrx_word' id='word_1_272' title='bbox 1290 1568 1343 1600; x_wconf 86' lang='lat'>11.</span> <span class='ocrx_word' id='word_1_273' title='bbox 1392 1566 1476 1606; x_wconf 53' lang='lat' dir='ltr'>(wie</span> 
     </span>
     <span class='ocr_line' id='line_1_27' title="bbox 0 1610 1475 1659; baseline -0.006 -7"><span class='ocrx_word' id='word_1_274' title='bbox 0 1614 177 1659; x_wconf 63' lang='lat' dir='ltr'>&amp;efrbtcbte</span> <span class='ocrx_word' id='word_1_275' title='bbox 200 1613 339 1650; x_wconf 62' lang='lat' dir='ltr'>zobt’s</span> <span class='ocrx_word' id='word_1_276' title='bbox 363 1623 399 1650; x_wconf 81' lang='lat' dir='ltr'>u.</span> <span class='ocrx_word' id='word_1_277' title='bbox 422 1614 448 1657; x_wconf 73' lang='lat' dir='ltr'>f.</span> <span class='ocrx_word' id='word_1_278' title='bbox 470 1623 516 1650; x_wconf 78' lang='lat' dir='ltr'>m.</span> <span class='ocrx_word' id='word_1_279' title='bbox 550 1614 645 1654; x_wconf 55' lang='lat' dir='ltr'>&amp;ena</span> <span class='ocrx_word' id='word_1_280' title='bbox 668 1614 764 1647; x_wconf 90' lang='grc'><strong>1800.</strong></span> <span class='ocrx_word' id='word_1_281' title='bbox 784 1627 819 1659; x_wconf 90' lang='lat' dir='ltr'>p.</span> <span class='ocrx_word' id='word_1_282' title='bbox 840 1615 884 1648; x_wconf 71' lang='lat'>28</span> <span class='ocrx_word' id='word_1_283' title='bbox 903 1617 970 1659; x_wconf 81' lang='lat' dir='ltr'>sq.)</span> <span class='ocrx_word' id='word_1_284' title='bbox 998 1615 1040 1649; x_wconf 81' lang='lat' dir='ltr'>ab</span> <span class='ocrx_word' id='word_1_285' title='bbox 1070 1613 1125 1659; x_wconf 45' lang='grc' dir='ltr'>ἔρ(ι</span> <span class='ocrx_word' id='word_1_286' title='bbox 1148 1632 1187 1637; x_wconf 84' lang='lat'>-—</span> <span class='ocrx_word' id='word_1_287' title='bbox 1207 1614 1316 1645; x_wconf 80' lang='lat' dir='ltr'>valde</span> <span class='ocrx_word' id='word_1_288' title='bbox 1347 1610 1366 1646; x_wconf 84' lang='grc' dir='ltr'>ὁ</span> <span class='ocrx_word' id='word_1_289' title='bbox 1397 1612 1475 1657; x_wconf 72' lang='grc' dir='ltr'><em>ἔρι-</em></span> 
     </span>
     <span class='ocr_line' id='line_1_28' title="bbox 0 1657 1475 1706; baseline -0.005 -10"><span class='ocrx_word' id='word_1_290' title='bbox 0 1665 65 1700; x_wconf 75' lang='grc' dir='ltr'>θος</span> <span class='ocrx_word' id='word_1_291' title='bbox 83 1659 246 1701; x_wconf 76' lang='lat' dir='ltr'>deducit,</span> <span class='ocrx_word' id='word_1_292' title='bbox 270 1665 310 1694; x_wconf 90' lang='lat' dir='ltr'>ut</span> <span class='ocrx_word' id='word_1_293' title='bbox 326 1657 477 1694; x_wconf 88' lang='lat' dir='ltr'>omnino</span> <span class='ocrx_word' id='word_1_294' title='bbox 495 1671 583 1693; x_wconf 86' lang='lat' dir='ltr'>eum</span> <span class='ocrx_word' id='word_1_295' title='bbox 605 1659 882 1706; x_wconf 78' lang='lat' dir='ltr'>significaverit,</span> <span class='ocrx_word' id='word_1_296' title='bbox 907 1660 971 1704; x_wconf 82' lang='lat' dir='ltr'>qui</span> <span class='ocrx_word' id='word_1_297' title='bbox 997 1661 1095 1693; x_wconf 78' lang='lat' dir='ltr'>vires·</span> <span class='ocrx_word' id='word_1_298' title='bbox 1120 1659 1329 1692; x_wconf 82' lang='lat' dir='ltr'>intenderet</span> <span class='ocrx_word' id='word_1_299' title='bbox 1343 1685 1351 1699; x_wconf 86' lang='lat'>‚</span> <span class='ocrx_word' id='word_1_300' title='bbox 1384 1669 1475 1699; x_wconf 78' lang='lat' dir='ltr'>ope-</span> 
     </span>
     <span class='ocr_line' id='line_1_29' title="bbox 0 1703 1476 1750; baseline -0.003 -9"><span class='ocrx_word' id='word_1_301' title='bbox 0 1707 167 1746; x_wconf 79' lang='lat' dir='ltr'>rarium,</span> <span class='ocrx_word' id='word_1_302' title='bbox 194 1713 271 1740; x_wconf 87' lang='lat' dir='ltr'>tum</span> <span class='ocrx_word' id='word_1_303' title='bbox 290 1705 442 1739; x_wconf 85' lang='lat' dir='ltr'>maxime</span> <span class='ocrx_word' id='word_1_304' title='bbox 461 1708 733 1739; x_wconf 79' lang='lat' dir='ltr'>mercenarium</span> <span class='ocrx_word' id='word_1_305' title='bbox 752 1705 857 1750; x_wconf 90' lang='lat' dir='ltr'>idque</span> <span class='ocrx_word' id='word_1_306' title='bbox 873 1708 1048 1748; x_wconf 80' lang='lat' dir='ltr'>generale</span> <span class='ocrx_word' id='word_1_307' title='bbox 1066 1704 1285 1741; x_wconf 80' lang='lat' dir='ltr'>vocabulum</span> <span class='ocrx_word' id='word_1_308' title='bbox 1307 1704 1350 1737; x_wconf 91' lang='lat' dir='ltr'>de</span> <span class='ocrx_word' id='word_1_309' title='bbox 1378 1703 1476 1747; x_wconf 78' lang='lat' dir='ltr'>agri-</span> 
     </span>
     <span class='ocr_line' id='line_1_30' title="bbox 0 1749 1476 1797; baseline -0.004 -10"><span class='ocrx_word' id='word_1_310' title='bbox 0 1751 90 1789; x_wconf 82' lang='lat' dir='ltr'>colis</span> <span class='ocrx_word' id='word_1_311' title='bbox 109 1758 143 1786; x_wconf 88' lang='lat' dir='ltr'>et.</span> <span class='ocrx_word' id='word_1_312' title='bbox 161 1752 205 1786; x_wconf 90' lang='lat' dir='ltr'>de</span> <span class='ocrx_word' id='word_1_313' title='bbox 225 1750 326 1785; x_wconf 89' lang='lat' dir='ltr'>lanae</span> <span class='ocrx_word' id='word_1_314' title='bbox 344 1750 541 1785; x_wconf 73' lang='lat' dir='ltr'>textoribus</span> <span class='ocrx_word' id='word_1_315' title='bbox 559 1758 592 1785; x_wconf 84' lang='lat' dir='ltr'>et</span> <span class='ocrx_word' id='word_1_316' title='bbox 614 1751 657 1784; x_wconf 92' lang='lat' dir='ltr'>de</span> <span class='ocrx_word' id='word_1_317' title='bbox 676 1750 718 1785; x_wconf 91' lang='lat' dir='ltr'>iis</span> <span class='ocrx_word' id='word_1_318' title='bbox 738 1752 799 1796; x_wconf 91' lang='lat' dir='ltr'>qui</span> <span class='ocrx_word' id='word_1_319' title='bbox 821 1752 1063 1797; x_wconf 89' lang='lat' dir='ltr'>quodcunque</span> <span class='ocrx_word' id='word_1_320' title='bbox 1081 1763 1170 1794; x_wconf 92' lang='lat' dir='ltr'>opus</span> <span class='ocrx_word' id='word_1_321' title='bbox 1190 1749 1360 1783; x_wconf 86' lang='lat' dir='ltr'>mercede</span> <span class='ocrx_word' id='word_1_322' title='bbox 1379 1761 1476 1783; x_wconf 88' lang='lat' dir='ltr'>eon-</span> 
     </span>
     <span class='ocr_line' id='line_1_31' title="bbox 0 1796 1475 1844; baseline -0.003 -10"><span class='ocrx_word' id='word_1_323' title='bbox 0 1797 97 1834; x_wconf 83' lang='lat' dir='ltr'>ducti</span> <span class='ocrx_word' id='word_1_324' title='bbox 113 1797 275 1832; x_wconf 80' lang='lat' dir='ltr'>facerent</span> <span class='ocrx_word' id='word_1_325' title='bbox 291 1797 377 1843; x_wconf 89' lang='lat' dir='ltr'>poni</span> <span class='ocrx_word' id='word_1_326' title='bbox 398 1796 566 1842; x_wconf 87' lang='lat' dir='ltr'>potuerit.</span> <span class='ocrx_word' id='word_1_327' title='bbox 618 1798 784 1832; x_wconf 77' lang='lat' dir='ltr'>Attamen</span> <span class='ocrx_word' id='word_1_328' title='bbox 804 1811 916 1844; x_wconf 87' lang='lat' dir='ltr'>quum</span> <span class='ocrx_word' id='word_1_329' title='bbox 944 1797 1082 1831; x_wconf 85' lang='lat' dir='ltr'>ostendi</span> <span class='ocrx_word' id='word_1_330' title='bbox 1115 1802 1291 1841; x_wconf 83' lang='lat' dir='ltr'>nequeat,</span> <span class='ocrx_word' id='word_1_331' title='bbox 1315 1817 1362 1824; x_wconf 87' lang='lat'>—-</span> <span class='ocrx_word' id='word_1_332' title='bbox 1389 1798 1475 1834; x_wconf 78' lang='grc' dir='ltr'><em>ιθος</em></span> 
     </span>
     <span class='ocr_line' id='line_1_32' title="bbox 0 1841 1476 1887; baseline -0.003 -8"><span class='ocrx_word' id='word_1_333' title='bbox 0 1844 55 1881; x_wconf 81' lang='lat' dir='ltr'>vel</span> <span class='ocrx_word' id='word_1_334' title='bbox 74 1862 121 1869; x_wconf 91' lang='lat'>--</span> <span class='ocrx_word' id='word_1_335' title='bbox 137 1846 224 1882; x_wconf 77' lang='grc' dir='ltr'><em>εθος</em></span> <span class='ocrx_word' id='word_1_336' title='bbox 237 1855 312 1877; x_wconf 90' lang='lat' dir='ltr'>non</span> <span class='ocrx_word' id='word_1_337' title='bbox 325 1855 404 1877; x_wconf 84' lang='lat' dir='ltr'>esse</span> <span class='ocrx_word' id='word_1_338' title='bbox 423 1842 490 1876; x_wconf 88' lang='lat' dir='ltr'>nisi</span> <span class='ocrx_word' id='word_1_339' title='bbox 508 1843 800 1877; x_wconf 82' lang='lat' dir='ltr'>terminationem</span> <span class='ocrx_word' id='word_1_340' title='bbox 813 1871 821 1884; x_wconf 89' lang='lat'>‚</span> <span class='ocrx_word' id='word_1_341' title='bbox 856 1842 1023 1879; x_wconf 86' lang='lat' dir='ltr'>vocabuli</span> <span class='ocrx_word' id='word_1_342' title='bbox 1041 1841 1230 1887; x_wconf 80' lang='lat' dir='ltr'>compositi</span> <span class='ocrx_word' id='word_1_343' title='bbox 1260 1842 1366 1875; x_wconf 82' lang='lat' dir='ltr'>altera</span> <span class='ocrx_word' id='word_1_344' title='bbox 1395 1853 1476 1886; x_wconf 83' lang='lat' dir='ltr'>pars</span> 
     </span>
     <span class='ocr_line' id='line_1_33' title="bbox 0 1885 1476 1937; baseline -0.003 -13"><span class='ocrx_word' id='word_1_345' title='bbox 0 1888 202 1937; x_wconf 89' lang='lat' dir='ltr'>quaerenda</span> <span class='ocrx_word' id='word_1_346' title='bbox 218 1888 306 1933; x_wconf 88' lang='lat' dir='ltr'>erit,</span> <span class='ocrx_word' id='word_1_347' title='bbox 337 1901 447 1934; x_wconf 89' lang='lat' dir='ltr'>eaque</span> <span class='ocrx_word' id='word_1_348' title='bbox 475 1887 576 1932; x_wconf 82' lang='lat' dir='ltr'>talis,</span> <span class='ocrx_word' id='word_1_349' title='bbox 611 1887 679 1934; x_wconf 66' lang='lat' dir='ltr'>qua</span> <span class='ocrx_word' id='word_1_350' title='bbox 707 1896 721 1922; x_wconf 86' lang='grc' dir='ltr'><strong>ῐ</strong></span> <span class='ocrx_word' id='word_1_351' title='bbox 749 1890 919 1924; x_wconf 86' lang='lat' dir='ltr'>reddatur</span> <span class='ocrx_word' id='word_1_352' title='bbox 945 1885 1108 1934; x_wconf 82' lang='lat' dir='ltr'>longum.</span> <span class='ocrx_word' id='word_1_353' title='bbox 1155 1886 1333 1931; x_wconf 85' lang='lat' dir='ltr'>Equidem</span> <span class='ocrx_word' id='word_1_354' title='bbox 1363 1899 1476 1932; x_wconf 86' lang='lat' dir='ltr'>quum</span> 
     </span>
     <span class='ocr_line' id='line_1_34' title="bbox 0 1931 1475 1981; baseline -0.003 -10"><span class='ocrx_word' id='word_1_355' title='bbox 0 1937 62 1972; x_wconf 89' lang='lat' dir='ltr'>diu</span> <span class='ocrx_word' id='word_1_356' title='bbox 80 1936 306 1981; x_wconf 85' lang='lat' dir='ltr'>multumque</span> <span class='ocrx_word' id='word_1_357' title='bbox 332 1935 375 1968; x_wconf 89' lang='lat' dir='ltr'>de</span> <span class='ocrx_word' id='word_1_358' title='bbox 401 1932 468 1969; x_wconf 67' lang='lat' dir='ltr'>hac</span> <span class='ocrx_word' id='word_1_359' title='bbox 490 1947 530 1968; x_wconf 88' lang='lat' dir='ltr'>re</span> <span class='ocrx_word' id='word_1_360' title='bbox 556 1937 787 1980; x_wconf 78' lang='lat' dir='ltr'>cogitassem,</span> <span class='ocrx_word' id='word_1_361' title='bbox 820 1935 907 1969; x_wconf 90' lang='lat' dir='ltr'>nihil</span> <span class='ocrx_word' id='word_1_362' title='bbox 934 1940 1054 1968; x_wconf 84' lang='lat' dir='ltr'>tamen</span> <span class='ocrx_word' id='word_1_363' title='bbox 1082 1933 1225 1969; x_wconf 83' lang='lat' dir='ltr'>inveni,</span> <span class='ocrx_word' id='word_1_364' title='bbox 1261 1931 1358 1977; x_wconf 79' lang='lat' dir='ltr'>quod</span> <span class='ocrx_word' id='word_1_365' title='bbox 1388 1931 1475 1966; x_wconf 90' lang='lat' dir='ltr'>mihi</span> 
     </span>
     <span class='ocr_line' id='line_1_35' title="bbox 0 1975 1476 2021; baseline -0.003 -5"><span class='ocrx_word' id='word_1_366' title='bbox 0 1981 76 2016; x_wconf 91' lang='lat' dir='ltr'>ullo</span> <span class='ocrx_word' id='word_1_367' title='bbox 95 1980 208 2014; x_wconf 87' lang='lat' dir='ltr'>modo</span> <span class='ocrx_word' id='word_1_368' title='bbox 226 1979 457 2017; x_wconf 75' lang='lat' dir='ltr'>satisfaceret.</span> <span class='ocrx_word' id='word_1_369' title='bbox 504 1980 619 2014; x_wconf 91' lang='lat' dir='ltr'>Modo</span> <span class='ocrx_word' id='word_1_370' title='bbox 640 1981 733 2015; x_wconf 88' lang='lat' dir='ltr'>enim</span> <span class='ocrx_word' id='word_1_371' title='bbox 765 1981 800 2014; x_wconf 89' lang='lat' dir='ltr'>in</span> <span class='ocrx_word' id='word_1_372' title='bbox 830 1986 989 2014; x_wconf 83' lang='lat' dir='ltr'>mentem</span> <span class='ocrx_word' id='word_1_373' title='bbox 1021 1979 1183 2013; x_wconf 73' lang='lat' dir='ltr'>veniebat</span> <span class='ocrx_word' id='word_1_374' title='bbox 1210 1978 1264 2021; x_wconf 75' lang='grc' dir='ltr'>ἕρι</span> <span class='ocrx_word' id='word_1_375' title='bbox 1294 1984 1327 2011; x_wconf 79' lang='lat' dir='ltr'>et</span> <span class='ocrx_word' id='word_1_376' title='bbox 1351 1975 1476 2020; x_wconf 75' lang='grc' dir='ltr'><em>ἠΐθεος</em></span> 
     </span>
     <span class='ocr_line' id='line_1_36' title="bbox 0 2023 1475 2071; baseline -0.003 -9"><span class='ocrx_word' id='word_1_377' title='bbox 0 2029 111 2062; x_wconf 83' lang='lat' dir='ltr'>valde</span> <span class='ocrx_word' id='word_1_378' title='bbox 123 2026 282 2068; x_wconf 81' lang='lat' dir='ltr'>juvenis,</span> <span class='ocrx_word' id='word_1_379' title='bbox 305 2028 415 2059; x_wconf 82' lang='lat' dir='ltr'>valde</span> <span class='ocrx_word' id='word_1_380' title='bbox 431 2026 614 2065; x_wconf 80' lang='lat' dir='ltr'>robustus,</span> <span class='ocrx_word' id='word_1_381' title='bbox 636 2028 747 2060; x_wconf 85' lang='lat' dir='ltr'>modo</span> <span class='ocrx_word' id='word_1_382' title='bbox 767 2027 820 2071; x_wconf 76' lang='grc' dir='ltr'>ἔρι</span> <span class='ocrx_word' id='word_1_383' title='bbox 836 2032 871 2059; x_wconf 80' lang='lat' dir='ltr'>et</span> <span class='ocrx_word' id='word_1_384' title='bbox 893 2026 991 2060; x_wconf 78' lang='grc' dir='ltr'><em>ἔσθω</em></span> <span class='ocrx_word' id='word_1_385' title='bbox 1010 2026 1121 2058; x_wconf 83' lang='lat' dir='ltr'>multi</span> <span class='ocrx_word' id='word_1_386' title='bbox 1137 2024 1206 2057; x_wconf 79' lang='lat' dir='ltr'>cibi</span> <span class='ocrx_word' id='word_1_387' title='bbox 1223 2027 1335 2065; x_wconf 77' lang='lat' dir='ltr'>edax,</span> <span class='ocrx_word' id='word_1_388' title='bbox 1363 2023 1475 2057; x_wconf 81' lang='lat' dir='ltr'>modo</span> 
     </span>
     <span class='ocr_line' id='line_1_37' title="bbox 0 2069 1478 2117; baseline -0.005 -8"><span class='ocrx_word' id='word_1_389' title='bbox 0 2072 67 2109; x_wconf 78' lang='lat' dir='ltr'>alia</span> <span class='ocrx_word' id='word_1_390' title='bbox 87 2071 333 2117; x_wconf 83' lang='lat' dir='ltr'>excogitabam</span> <span class='ocrx_word' id='word_1_391' title='bbox 360 2071 435 2105; x_wconf 80' lang='lat' dir='ltr'>veri</span> <span class='ocrx_word' id='word_1_392' title='bbox 463 2084 537 2105; x_wconf 90' lang='lat' dir='ltr'>non</span> <span class='ocrx_word' id='word_1_393' title='bbox 562 2073 743 2107; x_wconf 86' lang='lat' dir='ltr'>similiora.</span> <span class='ocrx_word' id='word_1_394' title='bbox 794 2073 918 2116; x_wconf 87' lang='lat' dir='ltr'>Quum</span> <span class='ocrx_word' id='word_1_395' title='bbox 944 2071 1052 2116; x_wconf 80' lang='lat' dir='ltr'>igitur</span> <span class='ocrx_word' id='word_1_396' title='bbox 1081 2069 1231 2103; x_wconf 88' lang='lat' dir='ltr'>omnino</span> <span class='ocrx_word' id='word_1_397' title='bbox 1259 2070 1478 2113; x_wconf 73' lang='lat' dir='ltr'>ignoremus,</span> 
     </span>
     <span class='ocr_line' id='line_1_38' title="bbox 1 2113 1476 2165; baseline -0.003 -13"><span class='ocrx_word' id='word_1_398' title='bbox 1 2117 187 2165; x_wconf 86' lang='lat' dir='ltr'>quomodo</span> <span class='ocrx_word' id='word_1_399' title='bbox 222 2124 347 2152; x_wconf 89' lang='lat' dir='ltr'>natum</span> <span class='ocrx_word' id='word_1_400' title='bbox 377 2117 421 2151; x_wconf 88' lang='lat' dir='ltr'>sit</span> <span class='ocrx_word' id='word_1_401' title='bbox 443 2131 478 2152; x_wconf 83' lang='lat' dir='ltr'>v.</span> <span class='ocrx_word' id='word_1_402' title='bbox 506 2117 628 2164; x_wconf 79' lang='grc' dir='ltr'><em>ἔριθος</em></span> <span class='ocrx_word' id='word_1_403' title='bbox 656 2120 753 2161; x_wconf 86' lang='lat' dir='ltr'>(nam</span> <span class='ocrx_word' id='word_1_404' title='bbox 782 2132 826 2152; x_wconf 92' lang='lat' dir='ltr'>ne</span> <span class='ocrx_word' id='word_1_405' title='bbox 855 2117 995 2161; x_wconf 78' lang='lat' dir='ltr'>Ilgenii</span> <span class='ocrx_word' id='word_1_406' title='bbox 1020 2117 1163 2161; x_wconf 87' lang='lat' dir='ltr'>quidem</span> <span class='ocrx_word' id='word_1_407' title='bbox 1191 2114 1364 2149; x_wconf 86' lang='lat' dir='ltr'>sententia</span> <span class='ocrx_word' id='word_1_408' title='bbox 1391 2113 1476 2148; x_wconf 85' lang='lat' dir='ltr'>satis</span> 
     </span>
     <span class='ocr_line' id='line_1_39' title="bbox 3 2162 1477 2209; baseline -0.005 -10"><span class='ocrx_word' id='word_1_409' title='bbox 3 2171 99 2199; x_wconf 82' lang='lat' dir='ltr'>certa</span> <span class='ocrx_word' id='word_1_410' title='bbox 128 2165 216 2208; x_wconf 84' lang='lat' dir='ltr'>est),</span> <span class='ocrx_word' id='word_1_411' title='bbox 255 2175 299 2197; x_wconf 88' lang='lat' dir='ltr'>ne</span> <span class='ocrx_word' id='word_1_412' title='bbox 325 2163 478 2209; x_wconf 86' lang='lat' dir='ltr'>primam</span> <span class='ocrx_word' id='word_1_413' title='bbox 505 2164 652 2209; x_wconf 85' lang='lat' dir='ltr'>quidem</span> <span class='ocrx_word' id='word_1_414' title='bbox 681 2165 787 2209; x_wconf 89' lang='lat' dir='ltr'>hujus</span> <span class='ocrx_word' id='word_1_415' title='bbox 813 2177 844 2198; x_wconf 83' lang='lat' dir='ltr'>v.</span> <span class='ocrx_word' id='word_1_416' title='bbox 873 2162 1188 2209; x_wconf 81' lang='lat' dir='ltr'>significationem,</span> <span class='ocrx_word' id='word_1_417' title='bbox 1220 2172 1310 2206; x_wconf 91' lang='lat' dir='ltr'>quae</span> <span class='ocrx_word' id='word_1_418' title='bbox 1335 2172 1477 2205; x_wconf 86' lang='lat' dir='ltr'>semper</span> 
     </span>
     <span class='ocr_line' id='line_1_40' title="bbox 3 2204 1476 2257; baseline -0.004 -14"><span class='ocrx_word' id='word_1_419' title='bbox 3 2210 134 2256; x_wconf 83' lang='lat' dir='ltr'>pendet</span> <span class='ocrx_word' id='word_1_420' title='bbox 150 2221 169 2243; x_wconf 87' lang='lat' dir='ltr'>a</span> <span class='ocrx_word' id='word_1_421' title='bbox 188 2208 412 2257; x_wconf 84' lang='lat' dir='ltr'>veriloquio,</span> <span class='ocrx_word' id='word_1_422' title='bbox 440 2209 523 2244; x_wconf 84' lang='lat' dir='ltr'>satis</span> <span class='ocrx_word' id='word_1_423' title='bbox 554 2217 718 2244; x_wconf 88' lang='lat' dir='ltr'>accurate</span> <span class='ocrx_word' id='word_1_424' title='bbox 747 2209 916 2244; x_wconf 87' lang='lat' dir='ltr'>novimus</span> <span class='ocrx_word' id='word_1_425' title='bbox 937 2208 986 2252; x_wconf 83' lang='lat'>*).</span> <span class='ocrx_word' id='word_1_426' title='bbox 1033 2208 1229 2241; x_wconf 88' lang='lat' dir='ltr'>Possumus</span> <span class='ocrx_word' id='word_1_427' title='bbox 1252 2204 1395 2251; x_wconf 87' lang='lat' dir='ltr'>quidem</span> <span class='ocrx_word' id='word_1_428' title='bbox 1425 2204 1476 2238; x_wconf 90' lang='lat' dir='ltr'>di-</span> 
     </span>
     <span class='ocr_line' id='line_1_41' title="bbox 3 2250 1477 2302; baseline -0.005 -12"><span class='ocrx_word' id='word_1_429' title='bbox 3 2266 105 2299; x_wconf 84' lang='lat' dir='ltr'>cere,</span> <span class='ocrx_word' id='word_1_430' title='bbox 129 2254 214 2299; x_wconf 86' lang='lat' dir='ltr'>poni</span> <span class='ocrx_word' id='word_1_431' title='bbox 232 2253 325 2288; x_wconf 86' lang='lat' dir='ltr'>hanc</span> <span class='ocrx_word' id='word_1_432' title='bbox 349 2267 476 2290; x_wconf 89' lang='lat' dir='ltr'>vocem</span> <span class='ocrx_word' id='word_1_433' title='bbox 503 2255 545 2289; x_wconf 91' lang='lat' dir='ltr'>ab</span> <span class='ocrx_word' id='word_1_434' title='bbox 572 2255 829 2302; x_wconf 85' lang='lat' dir='ltr'>antiquissimis</span> <span class='ocrx_word' id='word_1_435' title='bbox 855 2254 1091 2299; x_wconf 84' lang='lat' dir='ltr'>scriptoribus</span> <span class='ocrx_word' id='word_1_436' title='bbox 1116 2253 1158 2286; x_wconf 89' lang='lat' dir='ltr'>de</span> <span class='ocrx_word' id='word_1_437' title='bbox 1186 2263 1362 2294; x_wconf 80' lang='lat' dir='ltr'>messore,</span> <span class='ocrx_word' id='word_1_438' title='bbox 1388 2250 1477 2296; x_wconf 88' lang='lat' dir='ltr'>poni</span> 
     </span>
     <span class='ocr_line' id='line_1_42' title="bbox 5 2297 1477 2346; baseline -0.003 -11"><span class='ocrx_word' id='word_1_439' title='bbox 5 2301 110 2335; x_wconf 76' lang='lat' dir='ltr'>etiam</span> <span class='ocrx_word' id='word_1_440' title='bbox 129 2301 172 2334; x_wconf 89' lang='lat' dir='ltr'>de</span> <span class='ocrx_word' id='word_1_441' title='bbox 191 2299 267 2333; x_wconf 91' lang='lat' dir='ltr'>aliis</span> <span class='ocrx_word' id='word_1_442' title='bbox 284 2299 491 2335; x_wconf 84' lang='lat' dir='ltr'>hominibus</span> <span class='ocrx_word' id='word_1_443' title='bbox 514 2302 653 2346; x_wconf 83' lang='lat' dir='ltr'>generis</span> <span class='ocrx_word' id='word_1_444' title='bbox 673 2301 854 2346; x_wconf 74' lang='lat' dir='ltr'>ejusdem,</span> <span class='ocrx_word' id='word_1_445' title='bbox 877 2301 938 2334; x_wconf 89' lang='lat' dir='ltr'>sed</span> <span class='ocrx_word' id='word_1_446' title='bbox 959 2300 1142 2345; x_wconf 86' lang='lat' dir='ltr'>propriam</span> <span class='ocrx_word' id='word_1_447' title='bbox 1172 2297 1246 2333; x_wconf 85' lang='lat' dir='ltr'>vim</span> <span class='ocrx_word' id='word_1_448' title='bbox 1280 2309 1361 2330; x_wconf 88' lang='lat' dir='ltr'>cum</span> <span class='ocrx_word' id='word_1_449' title='bbox 1390 2297 1477 2341; x_wconf 88' lang='lat' dir='ltr'>pul-</span> 
     </span>
     <span class='ocr_line' id='line_1_43' title="bbox 4 2341 1478 2392; baseline -0.004 -12"><span class='ocrx_word' id='word_1_450' title='bbox 4 2344 141 2380; x_wconf 80' lang='lat' dir='ltr'>visculo</span> <span class='ocrx_word' id='word_1_451' title='bbox 168 2352 330 2379; x_wconf 82' lang='lat' dir='ltr'>excutere</span> <span class='ocrx_word' id='word_1_452' title='bbox 356 2359 431 2380; x_wconf 89' lang='lat' dir='ltr'>non</span> <span class='ocrx_word' id='word_1_453' title='bbox 460 2347 563 2391; x_wconf 88' lang='lat' dir='ltr'>licet,</span> <span class='ocrx_word' id='word_1_454' title='bbox 600 2346 666 2382; x_wconf 86' lang='lat' dir='ltr'>nisi</span> <span class='ocrx_word' id='word_1_455' title='bbox 698 2344 843 2392; x_wconf 63' lang='lat' dir='ltr'>cognita</span> <span class='ocrx_word' id='word_1_456' title='bbox 867 2343 1093 2392; x_wconf 57' lang='lat' dir='ltr'>etymologia.</span> <span class='ocrx_word' id='word_1_457' title='bbox 1144 2345 1312 2377; x_wconf 89' lang='lat' dir='ltr'>Ceterum</span> <span class='ocrx_word' id='word_1_458' title='bbox 1340 2341 1478 2375; x_wconf 85' lang='lat' dir='ltr'>nullam</span> 
     </span>
     <span class='ocr_line' id='line_1_44' title="bbox 5 2386 1477 2440; baseline -0.003 -15"><span class='ocrx_word' id='word_1_459' title='bbox 5 2391 110 2425; x_wconf 82' lang='lat' dir='ltr'>aliam</span> <span class='ocrx_word' id='word_1_460' title='bbox 131 2389 207 2425; x_wconf 79' lang='lat' dir='ltr'>scio</span> <span class='ocrx_word' id='word_1_461' title='bbox 223 2402 347 2425; x_wconf 82' lang='lat' dir='ltr'>vocem</span> <span class='ocrx_word' id='word_1_462' title='bbox 376 2405 560 2437; x_wconf 82' lang='lat' dir='ltr'>graecam,</span> <span class='ocrx_word' id='word_1_463' title='bbox 597 2405 690 2440; x_wconf 85' lang='lat' dir='ltr'>quae</span> <span class='ocrx_word' id='word_1_464' title='bbox 719 2400 794 2426; x_wconf 88' lang='lat' dir='ltr'>tam</span> <span class='ocrx_word' id='word_1_465' title='bbox 825 2391 988 2426; x_wconf 84' lang='lat' dir='ltr'>difficiles</span> <span class='ocrx_word' id='word_1_466' title='bbox 1015 2390 1206 2436; x_wconf 84' lang='lat' dir='ltr'>explicatus</span> <span class='ocrx_word' id='word_1_467' title='bbox 1233 2386 1319 2420; x_wconf 86' lang='lat' dir='ltr'>mihi</span> <span class='ocrx_word' id='word_1_468' title='bbox 1348 2387 1477 2421; x_wconf 80' lang='lat' dir='ltr'>habere</span> 
     </span>
     <span class='ocr_line' id='line_1_45' title="bbox 6 2433 1476 2485; baseline -0.002 -15"><span class='ocrx_word' id='word_1_469' title='bbox 6 2435 183 2474; x_wconf 81' lang='lat' dir='ltr'>videatur.</span> <span class='ocrx_word' id='word_1_470' title='bbox 228 2434 325 2470; x_wconf 85' lang='lat' dir='ltr'>Nihil</span> <span class='ocrx_word' id='word_1_471' title='bbox 344 2437 451 2484; x_wconf 78' lang='lat' dir='ltr'>igitur</span> <span class='ocrx_word' id='word_1_472' title='bbox 467 2445 593 2480; x_wconf 76' lang='lat' dir='ltr'>restat,</span> <span class='ocrx_word' id='word_1_473' title='bbox 619 2439 685 2474; x_wconf 89' lang='lat' dir='ltr'>nisi</span> <span class='ocrx_word' id='word_1_474' title='bbox 706 2444 744 2472; x_wconf 84' lang='lat' dir='ltr'>ut</span> <span class='ocrx_word' id='word_1_475' title='bbox 763 2437 849 2485; x_wconf 89' lang='lat' dir='ltr'>quid</span> <span class='ocrx_word' id='word_1_476' title='bbox 868 2437 992 2484; x_wconf 75' lang='grc' dir='ltr'><em>ἔριθος</em></span> <span class='ocrx_word' id='word_1_477' title='bbox 1012 2443 1045 2470; x_wconf 85' lang='lat' dir='ltr'>et</span> <span class='ocrx_word' id='word_1_478' title='bbox 1073 2433 1305 2481; x_wconf 73' lang='grc' dir='ltr'>ἐριθεύεσθ-αι</span> <span class='ocrx_word' id='word_1_479' title='bbox 1332 2433 1476 2467; x_wconf 85' lang='lat' dir='ltr'>diversis</span> 
     </span>
    </p>
   </div>
   <div class='ocr_carea' id='block_1_9' title="bbox 52 2601 1480 2924">
    <p class='ocr_par' dir='ltr' id='par_1_9' title="bbox 52 2601 1478 2652">
     <span class='ocr_line' id='line_1_46' title="bbox 52 2601 1478 2652; baseline -0.001 -16"><span class='ocrx_word' id='word_1_480' title='bbox 52 2602 88 2647; x_wconf 79' lang='grc'>*)</span> <span class='ocrx_word' id='word_1_481' title='bbox 114 2603 280 2637; x_wconf 87' lang='lat' dir='ltr'>Fortasse</span> <span class='ocrx_word' id='word_1_482' title='bbox 297 2603 422 2647; x_wconf 71' lang='grc' dir='ltr'><em>ἔριθος</em></span> <span class='ocrx_word' id='word_1_483' title='bbox 440 2617 486 2639; x_wconf 91' lang='lat' dir='ltr'>ne</span> <span class='ocrx_word' id='word_1_484' title='bbox 505 2607 574 2641; x_wconf 72' lang='lat' dir='ltr'>fuit</span> <span class='ocrx_word' id='word_1_485' title='bbox 605 2606 746 2652; x_wconf 88' lang='lat' dir='ltr'>quidem</span> <span class='ocrx_word' id='word_1_486' title='bbox 778 2618 944 2652; x_wconf 81' lang='lat' dir='ltr'>graecum</span> <span class='ocrx_word' id='word_1_487' title='bbox 975 2602 1208 2641; x_wconf 86' lang='lat' dir='ltr'>vocabulum,</span> <span class='ocrx_word' id='word_1_488' title='bbox 1237 2601 1296 2635; x_wconf 87' lang='lat' dir='ltr'>sed</span> <span class='ocrx_word' id='word_1_489' title='bbox 1323 2602 1478 2648; x_wconf 86' lang='lat' dir='ltr'>peregri-</span> 
     </span>
    </p>

    <p class='ocr_par' dir='ltr' id='par_1_10' title="bbox 65 2646 1480 2924">
     <span class='ocr_line' id='line_1_47' title="bbox 65 2646 1478 2695; baseline -0.001 -13"><span class='ocrx_word' id='word_1_490' title='bbox 65 2676 68 2679; x_wconf 28' lang='lat'>*</span> <span class='ocrx_word' id='word_1_491' title='bbox 124 2661 190 2682; x_wconf 87' lang='lat' dir='ltr'>nae</span> <span class='ocrx_word' id='word_1_492' title='bbox 207 2649 367 2693; x_wconf 86' lang='lat' dir='ltr'>originis.</span> <span class='ocrx_word' id='word_1_493' title='bbox 416 2650 508 2684; x_wconf 88' lang='lat' dir='ltr'>Tum</span> <span class='ocrx_word' id='word_1_494' title='bbox 528 2659 624 2686; x_wconf 85' lang='lat' dir='ltr'>certe</span> <span class='ocrx_word' id='word_1_495' title='bbox 641 2665 746 2685; x_wconf 83' lang='lat' dir='ltr'>nemo</span> <span class='ocrx_word' id='word_1_496' title='bbox 766 2651 886 2685; x_wconf 84' lang='lat' dir='ltr'>mirari</span> <span class='ocrx_word' id='word_1_497' title='bbox 910 2649 1041 2695; x_wconf 80' lang='lat' dir='ltr'>possit,</span> <span class='ocrx_word' id='word_1_498' title='bbox 1074 2647 1170 2693; x_wconf 92' lang='lat' dir='ltr'>quod</span> <span class='ocrx_word' id='word_1_499' title='bbox 1200 2646 1254 2682; x_wconf 84' lang='lat' dir='ltr'>vix</span> <span class='ocrx_word' id='word_1_500' title='bbox 1284 2659 1325 2680; x_wconf 88' lang='lat' dir='ltr'>ac</span> <span class='ocrx_word' id='word_1_501' title='bbox 1354 2661 1397 2681; x_wconf 87' lang='lat' dir='ltr'>ne</span> <span class='ocrx_word' id='word_1_502' title='bbox 1422 2648 1478 2681; x_wconf 83' lang='lat' dir='ltr'>vix</span> 
     </span>
     <span class='ocr_line' id='line_1_48' title="bbox 119 2692 1477 2740; baseline -0.001 -12"><span class='ocrx_word' id='word_1_503' title='bbox 119 2693 265 2739; x_wconf 86' lang='lat' dir='ltr'>quidem</span> <span class='ocrx_word' id='word_1_504' title='bbox 277 2707 443 2740; x_wconf 82' lang='lat' dir='ltr'>graecum</span> <span class='ocrx_word' id='word_1_505' title='bbox 473 2697 622 2733; x_wconf 87' lang='lat' dir='ltr'>verbum</span> <span class='ocrx_word' id='word_1_506' title='bbox 652 2697 817 2730; x_wconf 81' lang='lat' dir='ltr'>invenire</span> <span class='ocrx_word' id='word_1_507' title='bbox 845 2696 948 2738; x_wconf 82' lang='lat' dir='ltr'>licet,</span> <span class='ocrx_word' id='word_1_508' title='bbox 983 2707 1001 2727; x_wconf 92' lang='lat' dir='ltr'>e</span> <span class='ocrx_word' id='word_1_509' title='bbox 1030 2692 1160 2738; x_wconf 59' lang='lat' dir='ltr'>quo&#39;v.</span> <span class='ocrx_word' id='word_1_510' title='bbox 1191 2692 1314 2738; x_wconf 76' lang='grc' dir='ltr'><em>ἔριθος</em></span> <span class='ocrx_word' id='word_1_511' title='bbox 1340 2693 1477 2727; x_wconf 82' lang='lat' dir='ltr'>deriva-</span> 
     </span>
     <span class='ocr_line' id='line_1_49' title="bbox 121 2738 1480 2787; baseline -0.001 -14"><span class='ocrx_word' id='word_1_512' title='bbox 121 2747 199 2773; x_wconf 82' lang='lat' dir='ltr'>tum</span> <span class='ocrx_word' id='word_1_513' title='bbox 221 2753 293 2774; x_wconf 90' lang='lat' dir='ltr'>esse</span> <span class='ocrx_word' id='word_1_514' title='bbox 311 2740 450 2787; x_wconf 87' lang='lat' dir='ltr'>liquido</span> <span class='ocrx_word' id='word_1_515' title='bbox 477 2750 654 2787; x_wconf 83' lang='lat' dir='ltr'>appareat.</span> <span class='ocrx_word' id='word_1_516' title='bbox 704 2741 794 2784; x_wconf 72' lang='lat' dir='ltr'>Nam</span> <span class='ocrx_word' id='word_1_517' title='bbox 823 2741 919 2786; x_wconf 90' lang='lat' dir='ltr'>quod</span> <span class='ocrx_word' id='word_1_518' title='bbox 949 2740 1019 2785; x_wconf 83' lang='lat' dir='ltr'>jam</span> <span class='ocrx_word' id='word_1_519' title='bbox 1038 2739 1213 2772; x_wconf 89' lang='lat' dir='ltr'>Homerus</span> <span class='ocrx_word' id='word_1_520' title='bbox 1231 2738 1480 2783; x_wconf 86' lang='lat' dir='ltr'>Hesiodusque</span> 
     </span>
     <span class='ocr_line' id='line_1_50' title="bbox 121 2783 1477 2832; baseline -0.001 -12"><span class='ocrx_word' id='word_1_521' title='bbox 121 2785 243 2831; x_wconf 78' lang='grc' dir='ltr'><em>ἔριθος</em></span> <span class='ocrx_word' id='word_1_522' title='bbox 263 2794 463 2830; x_wconf 81' lang='lat' dir='ltr'>noverunt,</span> <span class='ocrx_word' id='word_1_523' title='bbox 482 2800 556 2821; x_wconf 89' lang='lat' dir='ltr'>non</span> <span class='ocrx_word' id='word_1_524' title='bbox 574 2788 687 2821; x_wconf 84' lang='lat' dir='ltr'>ausim</span> <span class='ocrx_word' id='word_1_525' title='bbox 706 2794 896 2832; x_wconf 89' lang='lat' dir='ltr'>propterea</span> <span class='ocrx_word' id='word_1_526' title='bbox 913 2786 1005 2820; x_wconf 86' lang='lat' dir='ltr'>inter</span> <span class='ocrx_word' id='word_1_527' title='bbox 1034 2784 1296 2830; x_wconf 84' lang='lat' dir='ltr'>antiquissimas</span> <span class='ocrx_word' id='word_1_528' title='bbox 1315 2783 1477 2818; x_wconf 88' lang='lat' dir='ltr'>Graeco-</span> 
     </span>
     <span class='ocr_line' id='line_1_51' title="bbox 119 2828 1478 2877; baseline -0.003 -12"><span class='ocrx_word' id='word_1_529' title='bbox 119 2844 202 2866; x_wconf 87' lang='lat' dir='ltr'>rum</span> <span class='ocrx_word' id='word_1_530' title='bbox 224 2845 332 2868; x_wconf 88' lang='lat' dir='ltr'>voces</span> <span class='ocrx_word' id='word_1_531' title='bbox 351 2832 474 2877; x_wconf 74' lang='grc' dir='ltr'><em>ἔριθος</em></span> <span class='ocrx_word' id='word_1_532' title='bbox 491 2833 566 2867; x_wconf 86' lang='lat' dir='ltr'>sine</span> <span class='ocrx_word' id='word_1_533' title='bbox 588 2832 659 2866; x_wconf 66' lang='lat' dir='ltr'>ulla</span> <span class='ocrx_word' id='word_1_534' title='bbox 687 2833 907 2867; x_wconf 84' lang='lat' dir='ltr'>dubitatione</span> <span class='ocrx_word' id='word_1_535' title='bbox 935 2831 1090 2870; x_wconf 87' lang='lat' dir='ltr'>referre,</span> <span class='ocrx_word' id='word_1_536' title='bbox 1115 2830 1288 2875; x_wconf 86' lang='lat' dir='ltr'>siquidem</span> <span class='ocrx_word' id='word_1_537' title='bbox 1317 2829 1386 2874; x_wconf 82' lang='lat' dir='ltr'>jam</span> <span class='ocrx_word' id='word_1_538' title='bbox 1406 2828 1478 2863; x_wconf 89' lang='lat' dir='ltr'>Ho-</span> 
     </span>
     <span class='ocr_line' id='line_1_52' title="bbox 123 2877 1182 2924; baseline -0.001 -13"><span class='ocrx_word' id='word_1_539' title='bbox 123 2890 245 2912; x_wconf 88' lang='lat' dir='ltr'>merus</span> <span class='ocrx_word' id='word_1_540' title='bbox 263 2878 338 2924; x_wconf 87' lang='lat' dir='ltr'>ipse</span> <span class='ocrx_word' id='word_1_541' title='bbox 355 2878 542 2923; x_wconf 75' lang='lat' dir='ltr'>aliquoties</span> <span class='ocrx_word' id='word_1_542' title='bbox 565 2879 671 2915; x_wconf 83' lang='lat' dir='ltr'>verba</span> <span class='ocrx_word' id='word_1_543' title='bbox 691 2877 808 2924; x_wconf 86' lang='lat' dir='ltr'>posuit</span> <span class='ocrx_word' id='word_1_544' title='bbox 824 2878 866 2911; x_wconf 89' lang='lat' dir='ltr'>ab</span> <span class='ocrx_word' id='word_1_545' title='bbox 884 2877 1009 2911; x_wconf 81' lang='lat' dir='ltr'>exteris</span> <span class='ocrx_word' id='word_1_546' title='bbox 1030 2883 1182 2921; x_wconf 82' lang='lat' dir='ltr'>recepta.</span> 
     </span>
    </p>
   </div>
   <div class='ocr_carea' id='block_1_10' title="bbox 8 2920 1027 2980">
    <p class='ocr_par' dir='ltr' id='par_1_11' title="bbox 8 2920 1027 2980">
     <span class='ocr_line' id='line_1_53' title="bbox 8 2920 1027 2980; baseline 0.012 -15"><span class='ocrx_word' id='word_1_547' title='bbox 8 2932 195 2968; x_wconf 70' lang='lat' dir='ltr'>Fritzsehe</span> <span class='ocrx_word' id='word_1_548' title='bbox 213 2933 277 2980; x_wconf 78' lang='lat' dir='ltr'>Ep.</span> <span class='ocrx_word' id='word_1_549' title='bbox 297 2935 352 2969; x_wconf 89' lang='lat' dir='ltr'>ad.</span> <span class='ocrx_word' id='word_1_550' title='bbox 372 2934 476 2970; x_wconf 82' lang='lat' dir='ltr'>Rom.</span> <span class='ocrx_word' id='word_1_551' title='bbox 978 2920 1027 2964; x_wconf 77' lang='lat' dir='ltr'>K</span> 
     </span>
    </p>
   </div>
  </div>
 </body>
</html>
