1752 3347
557 190 714 237 CAP.
746 191 783 235 1.
814 189 908 234 Vs.
938 189 1030 234 15..
1467 183 1526 225 41

64 300 146 350 ad
172 319 253 348 me
286 304 491 347 attinet
522 303 586 361 (at
616 306 738 348 Deus
767 319 907 347 meum
938 302 1170 347 consilium
1196 314 1282 343 non
1312 296 1527 356 approbat

62 369 119 412 οἳ.
139 383 180 413 v,
202 369 271 411 10.
291 372 335 409 et
358 367 447 415 13.)
464 399 476 419 ,
504 367 735 410 voluntatis
753 369 816 409 est
845 366 1065 409 inclinatio
1091 364 1149 407 ad
1175 360 1415 405 doctrinam
1440 360 1526 403 div.

63 426 178 467 vobis
193 439 375 482 quoqne,
405 422 635 476 Romanis,
666 424 982 478 erponendam3
1011 435 1102 476 eqo
1122 419 1236 462 vobis
1255 432 1337 459 non
1354 417 1527 468 desum

65 485 113 523 at
135 482 284 524 Deus
312 480 423 522 robis
442 480 580 521 minim
608 480 801 524 consulit.
860 479 1022 521 Altera
1046 477 1176 536 hujus
1203 476 1235 518 l.
1263 475 1531 541 interpr³eta-

63 538 127 579 tio
150 553 173 579 a
196 536 342 588 Beza‚
374 535 544 588 Gratia,
574 534 808 578 Rueclferto
826 537 883 580 al.
904 536 1009 577 inita
1031 540 1114 578 est.
1170 531 1259 589 Qui
1279 528 1328 573 τὸ
1342 545 1421 571 κατ
1452 527 1532 582 ἐμέ
1589 550 1596 556 s

65 593 344 652 Subjectum‚
374 587 611 645 πρόθυμον
634 590 938 634 praedicatum
957 593 1154 633 fecerunt
1177 590 1221 633 h.
1240 602 1302 632 r.:
1332 584 1533 644 quidquid

64 651 112 693 in
129 664 194 692 me
213 649 342 690 situm
362 651 450 699 est,
491 644 536 689 id
550 652 764 701 promtum
784 653 846 690 est
868 650 926 690 ad
944 647 1207 703 evanqele'um
1235 644 1348 688 vobis
1375 655 1535 708 (locoque

63 705 318 749 tradendum
343 704 375 746 i.
407 716 450 758 q.
478 716 574 758 eqo,
611 705 946 760 quantumin
978 718 1052 746 me
1081 708 1157 744 est
1187 703 1245 754 (s.
1275 713 1370 756 pro
1404 713 1534 741 verz-

65 762 178 816 bus)
194 763 390 816 promtus
406 759 576 801 samad
601 785 670 803 -.
729 757 910 802 Corruit
930 760 1032 801 haec
1058 758 1280 801 enarratio
1307 770 1384 808 eo,
1415 753 1535 811 quod

63 815 115 860 τὸ
136 813 232 858 κατ’
252 814 332 869 ’ἐμὲ
350 819 556 871 qmmtum
571 815 630 857 ad
649 829 716 857 me
739 816 925 858 formula
953 820 1022 857 est
1050 829 1159 871 quae
1187 815 1230 857 vi
1257 813 1335 856 sua
1356 809 1537 855 Adver-

63 873 139 916 bio
157 887 238 931 par
253 871 628 914 enuntiationibus
649 886 823 930 semper
846 872 1161 931 interjiciatur,
1190 884 1401 926 nusquam
1422 868 1538 911 Sub-

59 929 171 990 jeeti
202 930 300 972 loco
334 932 546 985 ponatur:
582 926 643 970 τὸ
672 926 787 971 κατ’
821 927 918 982 ἐμὲ
945 924 1186 984 πρόθυμόν
1217 926 1312 969 ἐστι
1340 921 1540 979 (ἓτοῖμόν

67 986 183 1039 ἐστι)
206 987 352 1028 ποιεῖν
371 1000 415 1027 τι
435 985 636 1042 (luidquid
653 987 698 1029 in
720 1000 787 1028 me
805 987 962 1029 virium
978 989 1042 1027 est
1059 988 1290 1039 promtum,
1318 986 1540 1036 paratum,

65 1043 204 1086 estad
219 1042 280 1086 ali
310 1041 382 1084 uid
397 1039 670 1098 faciendum,
710 1043 740 1086 i.
773 1058 812 1087 e.
840 1056 913 1097 eqo
939 1056 1018 1098 pro
1049 1040 1210 1083 viribus
1237 1042 1421 1094 paratus
1445 1052 1540 1080 sum

69 1100 129 1143 ad
157 1124 228 1145 —.
329 1099 441 1140 ertia
459 1097 596 1157 hujus
617 1099 650 1143 l.
669 1099 924 1157 explicatio,
948 1097 1129 1153 Kyplcio,
1152 1096 1367 1147 Cramer-o,
1393 1093 1542 1146 More,

69 1155 271 1199 Boehmio
289 1155 348 1198 al.
367 1155 550 1211 probata
564 1187 576 1207 ‚
602 1155 707 1198 haec
727 1161 822 1210 est,
859 1160 908 1198 ut
927 1170 969 1199 v.
993 1153 1049 1196 ’τὸ
1077 1150 1176 1195 κατ’
1197 1150 1274 1206 ἐμὲ
1301 1147 1543 1207 πρόθυμον

68 1213 116 1255 ἰη
134 1227 263 1254 unam
293 1212 513 1254 notionem
537 1210 804 1270 jungantur:
842 1211 1069 1268 propensio
1095 1210 1163 1252 ad
1189 1223 1265 1251 me
1291 1207 1543 1250 attinens

71 1270 104 1313 i.
126 1283 166 1313 e.
187 1283 282 1311 mea
302 1269 437 1312 animi
462 1273 708 1323 propensio,
740 1264 766 1325 ἡ
795 1265 1030 1323 προθυμία
1055 1281 1158 1320 μου.
1214 1264 1285 1309 Cf.
1314 1263 1479 1321 EpheS.
1501 1265 1541 1316 1,

71 1325 144 1370 15.
166 1351 219 1358 -
247 1324 325 1381 τὴν
342 1322 465 1366 καθ’
485 1320 552 1378 ὑμ
566 1326 619 1375 ἇς
638 1324 789 1368 πίστιν
803 1325 933 1380 fidem
953 1324 1009 1366 ad
1028 1338 1100 1366 ros
1128 1323 1414 1378 pertinentem
1444 1320 1474 1363 ἰ.
1501 1334 1544 1363 e.

71 1386 310 1426 vestram
351 1380 482 1435 fidem
520 1385 565 1423 et
612 1381 856 1438 Wesseliny.
900 1380 956 1423 ad
994 1378 1132 1422 Diod.
1175 1377 1266 1421 Sic.
1299 1377 1368 1430 14,
1394 1377 1464 1420 12.
1501 1391 1545 1420 v-

72 1439 154 1495 τῆς
180 1435 318 1480 navo?
342 1437 436 1479 τὸν
460 1433 733 1492 τύραννον
752 1436 988 1494 ὠμότητος.
1022 1433 1225 1480 cLDiod.
1247 1434 1295 1478 S.
1322 1433 1446 1486 1‚3l.
1467 1433 1546 1477 fin.

72 1493 264 1537 Praebet
283 1495 360 1536 illa
381 1493 653 1550 aptissimam
676 1495 962 1546 sententiam,
1003 1491 1232 1535 dummodo
1258 1507 1301 1535 v.
1331 1487 1446 1532 οὕτω
1474 1503 1547 1531 re·-

72 1556 142 1594 ete
162 1550 451 1608 explicueris:
482 1549 561 1593 hoe
579 1551 698 1593 modo
718 1551 767 1604 [i.
788 1565 827 1594 e.
833 1565 974 1608 squam
995 1549 1187 1591 omnibus
1209 1548 1449 1603 promiscue
1472 1546 1546 1589 Ιιο-

73 1607 259 1652 minibus
276 1607 486 1663 obliquius
504 1607 586 1649 sim
604 1621 671 1650 VS.
696 1607 787 1661 14.]
811 1622 910 1649 mea
932 1607 1068 1648 animi
1083 1605 1310 1660 propensio
1331 1604 1447 1658 [est],
1477 1617 1547 1644 vo·

75 1665 143 1708 bis
162 1678 344 1721 quoque,
372 1662 539 1706 Romae
557 1665 821 1716 constitutis,
858 1663 1097 1705 doctrinam
1115 1662 1199 1703 div.
1220 1660 1409 1703 tradere.
1463 1658 1549 1702 Su·-

74 1724 250 1780 perest,
277 1725 327 1762 ut
346 1719 457 1762 mira
478 1725 672 1763 veterum
702 1718 972 1777 quorundam
1002 1719 1289 1775 interpretum
1318 1715 1373 1758 de
1402 1729 1468 1760 VS.
1494 1716 1550 1758 13

77 1777 211 1820 -15.
231 1791 346 1819 nexu
364 1777 549 1819 consilia
569 1791 905 1820 commemorem.
962 1775 1098 1832 (Nam
1126 1773 1390 1817 refutatione
1417 1771 1552 1829 digna

77 1849 166 1877 non
193 1835 333 1891 sunt.)
396 1832 486 1876 His
510 1833 656 1876 fraudi
685 1834 771 1876 fuit
795 1838 885 1875 tmn
916 1831 991 1874 καί
1018 1847 1110 1874 com
1145 1831 1360 1874 arativum
1382 1845 1451 1874 VS.
1481 1830 1552 1873 13.

77 1890 338 1949 repetitum,
368 1888 637 1941 τωο-καθώς
660 1906 728 1934 vs.
752 1891 849 1944 15„
883 1889 938 1931 ad
966 1889 1083 1946 quod
1144 1888 1392 1931 issimilium
1421 1888 1456 1931 l.
1482 1887 1553 1929 in-

79 1949 220 2003 vitatu
240 1944 355 1990 οῧτω
373 1962 439 1991 vs.
462 1945 530 1991 15.
547 1952 597 1990 ut
613 1947 828 2006 apodosin
846 1946 1124 1989 referendum
1142 1960 1240 1989 esse
1258 1944 1553 2003 putavissent.

80 2003 158 2049 Sic
187 2003 389 2060 Oriyenes
415 2019 567 2047 novam
601 2006 862 2048 sententiam
890 2019 1076 2046 exorsus
1104 2019 1128 2045 a
1159 2017 1201 2047 V.
1229 2018 1270 2046 v.
1300 2002 1369 2044 13.
1399 1998 1555 2049 καθὼς

83 2064 159 2104 καὶ
180 2059 226 2104 ἐν
247 2063 340 2111 τοῖς
360 2061 538 2112 λοιποῖς
558 2058 736 2105 ἔθνεσιν
760 2061 878 2118 [scil.
900 2058 1073 2116 καρπὸν
1090 2056 1197 2117 ἔχω]
1216 2063 1318 2117 post
1343 2072 1386 2101 v.
1415 2052 1556 2111 ἀνοή-

82 2140 180 2176 τοις
195 2123 381 2171 deficere
403 2119 492 2174 οἷς
511 2123 715 2181 perhibet
734 2123 778 2166 h.
801 2136 866 2167 r.:
898 2122 1097 2175 „Sicut
1125 2120 1318 2179 fructum
1349 2118 1481 2161 habeo
1510 2118 1557 2159 in

85 2186 268 2230 caeteris
282 2185 501 2241 qente'bn8‚
533 2184 714 2228 Graecis
742 2198 796 2226 ac
815 2181 1060 2235 Barbari-s,
1090 2180 1355 2236 sapientibus
1382 2184 1424 2221 et
1450 2177 1558 2220 insi-³

85 2241 320 2297 piente'bcw,
348 2243 434 2300 qai
445 2242 539 2285 bus
556 2241 722 2283 debitor
737 2253 853 2291 sam,
882 2240 988 2292 ita,
1017 2238 1126 2295 quod
1146 2239 1190 2280 in
1209 2251 1275 2279 me
1294 2241 1380 2289 est,
1411 2243 1558 2290 prom-'-

86 2302 159 2341 tus
184 2311 277 2339 sum
302 2300 435 2342 etiam
462 2299 600 2350 vobi-5⁸,
639 2296 710 2354 qai
737 2295 902 2338 Romae
933 2296 1036 2339 estis
1063 2292 1404 2350 evanyele'zm·e.”
1460 2290 1560 2333 Hoc

87 2357 161 2397 est
177 2356 368 2396 veterem
391 2356 651 2412 scriptorem
670 2353 966 2410 interpolare,
997 2366 1081 2393 non
1110 2350 1348 2407 explicare.
1402 2346 1559 2404 Neque

89 2410 196 2453 haec
214 2411 468 2468 conspirant
485 2427 580 2453 eum
597 2411 679 2464 iis,
718 2424 828 2466 quae
847 2409 1066 2464 Origenes
1094 2408 1241 2464 paullo
1269 2410 1370 2446 ante
1397 2404 1450 2447 de
1477 2404 1559 2461 hy-

78 2466 275 2526 perbato
293 2469 427 2510 ν..καὶ
448 2465 675 2523 ἐκωλύθην
694 2461 795 2522 ἄχρι
813 2466 892 2507 τοῦ
921 2466 1052 2521 δεῦρο
1074 2463 1131 2505 ad
1152 2479 1192 2507 v.
1216 2462 1286 2506 13.
1305 2467 1349 2504 et
1371 2462 1440 2506 14.
1458 2475 1560 2518 per-

90 2523 262 2567 tinente
285 2523 474 2566 absurde
493 2523 750 2580 disputavit.
778 2522 922 2565 Etiam
935 2521 1212 2565 oecumenius
1232 2534 1385 2561 novam
1404 2518 1562 2575 incipit

91 2579 322 2648 periodum
341 2594 366 2620 a
385 2595 427 2624 v.
446 2595 488 2624 v.
510 2580 579 2623 13.
610 2577 781 2629 Καθὼς
800 2580 873 2620 καὶ
892 2577 935 2620 ἐν
953 2578 1046 2626 τοῖς
1067 2577 1243 2626 λοιποῖς
1262 2573 1451 2627 ἔθνεσιν,
1481 2573 1562 2617 sed

94 2642 184 2691 1ta,
221 2642 270 2679 ut
289 2651 419 2693 quum
440 2633 553 2678 οὕτω
580 2650 619 2679 v.
642 2635 710 2678 15.
739 2634 797 2676 ad
823 2630 976 2684 καθώς
1005 2648 1046 2676 v.
1078 2632 1147 2676 13.
1175 2633 1423 2686 rettulerit,
1459 2636 1563 2690 post

95 2691 473 2749 εὐαγγελίσασθαι
492 2706 547 2734 ex
567 2697 668 2733 ante
685 2691 815 2734 dietis
837 2691 1037 2747 suppleat
1055 2686 1288 2745 ὀφειλέτης
1307 2687 1400 2742 εἰμι’
1424 2689 1469 2733 h.
1498 2701 1562 2731 1⁸.:

100 2750 457 2805 Quemadmodum
480 2750 613 2791 etiam
634 2747 816 2790 caeteris
832 2746 1075 2789 nationibus
1094 2751 1142 2799 et¹
1154 2745 1308 2802 Grajis
1326 2751 1368 2788 et
1386 2745 1561 2788 Barba-

98 2807 186 2860 ris,
216 2812 256 2849 et
277 2807 411 2850 doctis
427 2811 468 2848 et
487 2805 680 2857 indoctis,
702 2803 760 2846 ob
773 2803 976 2858 liyatus
994 2817 1102 2856 sunt,
1121 2803 1183 2845 sie
1201 2803 1310 2859 qnod
1326 2803 1383 2845 ad
1399 2813 1564 2844 meum

102 2864 257 2906 attinet
287 2875 606 2919 propensum
636 2860 727 2904 ani
740 2873 869 2903 mam
899 2860 1031 2903 etiam
1048 2859 1184 2911 vobis,
1229 2858 1389 2902 Romae
1408 2856 1563 2901 consti-
