1752 3347
153 224 279 253 xxxvt
594 201 1183 253 PROLEGOMBNA.

152 318 265 357 Boin.
288 316 386 358 920.
414 316 577 369 στίχους
602 316 740 355 trilmit
764 327 802 365 p.
819 313 935 353 537..
996 309 1140 351 Restat
1161 311 1313 351 Codex
1333 310 1530 359 latinus,
1559 311 1622 362 qui

151 375 385 424 fidejussore
411 373 650 415 'Vetslem'o
672 373 722 420 ll,
742 372 814 411 91.
845 367 977 408 habet
996 368 1201 419 capitula
1229 381 1301 420 ep.
1326 367 1387 406 ad
1406 365 1535 406 Rom.
1554 367 1624 407 5⁸,

149 438 190 470 et
211 434 259 470 in
278 443 351 483 cp.
378 430 443 471 14.
467 431 644 469 desinit.
704 428 783 468 Sed
815 438 941 476 neque
963 436 1172 474 quemnam
1205 425 1275 463 ille
1300 423 1445 463 dixerit
1468 424 1541 462 Cd.
1564 424 1624 462 la·

153 487 280 527 tinum
301 487 422 539 liquet
442 500 566 537 neque,
589 485 653 524 ubi
675 487 909 523 asservetur
927 481 1091 521 scimus.
1151 481 1286 529 Quare
1306 489 1438 519 utrum
1462 478 1625 519 munitm

149 545 226 593 sit,
271 555 324 582 an
351 543 576 584 Marcionis
609 542 819 581 editionem
846 538 1050 590 exprimat
1076 537 1302 591 (Wctst.),
1347 550 1401 576 an
1429 543 1624 576 vetustam

150 599 464 648 Lectiouarium,
486 601 588 650 quod
607 611 641 638 c.
656 599 723 638 15.
744 605 779 636 et
800 597 866 638 16.
888 595 1121 645 excluserit,
1153 595 1300 633 referat
1320 592 1498 637 ‹Reicln
1520 593 1551 643 1,
1568 594 1626 644 1.)

150 657 305 698 decerni
330 656 478 706 nequit.
535 655 689 697 Deinde
703 653 753 696 11.
772 660 810 693 et
832 653 965 704 ipsum
987 665 1050 703 ep.
1073 658 1353 701 argumentum
1373 651 1507 690 omnia
1524 660 1626 701 qnae

148 728 253 753 nuuc
274 713 450 764 epistola
470 711 521 750 ad
544 712 663 752 Rom.
680 711 929 751 continentur
948 711 1083 749 eodem
1103 715 1280 760 tempore
1299 707 1498 748 Romanis
1519 706 1624 746 Stri-

148 779 216 822 pta
237 781 325 809 esse,
345 775 511 808 testatur
533 769 591 823 (v.
611 768 648 820 §.
661 768 703 810 3.
722 768 812 821 β.),
842 774 880 806 et
904 766 1047 806 ultima
1066 767 1108 804 in
1130 766 1193 805 his
1221 766 1350 804 literis
1374 766 1432 804 sic
1452 777 1623 814 respon-

148 830 239 868 deut
268 825 432 877 primis,
474 831 518 864 ut
543 837 662 866 unam
680 825 799 865 Pauli
823 824 1016 864 Romanis
1047 823 1214 862 missam
1243 822 1456 872 epistolam
1479 823 1529 860 ad
1550 833 1624 859 nos

148 889 421 936 propagatam
439 894 530 922 esse
552 890 761 934 appareat.
820 881 929 921 Beue
951 880 1152 932 posterior
1171 893 1235 930 ep.
1258 891 1356 929 pars
1381 880 1447 926 12,
1475 879 1513 919 1.
1537 890 1624 916 eum

150 941 284 993 priore
305 938 553 979 connectitur
572 947 609 979 et
632 953 666 979 c.
689 939 756 990 15,
777 939 817 979 l.
847 951 937 978 cum
955 951 988 979 e.
1003 936 1070 978 14.
1092 937 1278 976 rohaeret
1296 934 1624 989 (nemmem).

146 998 264 1038 Rom.
289 997 357 1048 15,
379 996 450 1038 22.
467 1009 556 1048 sqq.
587 1009 674 1036 cum
698 999 736 1047 l,
756 995 798 1036 9.
818 1007 905 1046 sqq.
936 1008 983 1045 pr
1001 1007 1104 1032 ¹rsus
1131 994 1362 1032 coneordat.
1423 992 1536 1040 Quae
1557 990 1624 1039 15,

147 1054 217 1095 l4.
240 1067 301 1105 sq.
332 1060 371 1093 et
394 1052 461 1103 16,
477 1053 550 1095 22.
583 1055 770 1104 leguntur
800 1052 996 1104 ejusmodi
1029 1057 1143 1099 suut,
1181 1057 1221 1088 ut
1244 1062 1293 1090 ea
1313 1051 1363 1088 ad
1386 1048 1624 1095 longiorem,

147 1123 248 1162 quae
269 1109 495 1162 praecedit,
538 1123 602 1163 ep.
625 1111 675 1149 ad
698 1109 815 1149 Rom.
843 1109 1042 1160 pertinere
1073 1107 1112 1146 in
1136 1112 1291 1156 promtu
1320 1107 1387 1146 sit.
1438 1105 1623 1154 Denique

147 1168 220 1208 111.
243 1179 345 1219 quae
368 1180 418 1207 ex
449 1166 596 1207 ultimis
626 1179 688 1217 ep.
715 1166 917 1216 capitibus
941 1165 1071 1204 allata
1097 1170 1216 1214 suut,
1256 1163 1401 1213 quibus
1427 1160 1624 1201 nonnulla

145 1237 248 1264 nuuc
277 1225 318 1263 in
348 1236 470 1262 uuam
500 1237 564 1275 ep.
595 1224 751 1275 digesta
772 1229 839 1262 aut
870 1222 952 1261 alio
975 1232 1093 1270 quam
1114 1232 1216 1269 quae
1235 1218 1355 1259 Rom.
1375 1233 1410 1258 c.
1435 1218 1622 1259 1.-—11.

144 1281 201 1334 (s.
223 1295 256 1320 e.
284 1279 489 1332 1.-14.)
514 1281 700 1331 leguntur
718 1287 895 1330 tempore
915 1277 1085 1317 Romam
1104 1277 1259 1327 scripta
1281 1282 1350 1315 aut
1371 1275 1465 1315 aliis
1489 1273 1622 1327 potina

146 1337 399 1387 homiuibus,
442 1349 559 1387 quam
585 1336 806 1385 Romanis,
842 1334 1047 1374 tlestiuata
1075 1347 1164 1372 esse
1192 1334 1488 1383 ostenderetur,
1530 1330 1622 1370 nul-

147 1395 228 1433 lam
249 1393 328 1432 vim
349 1393 514 1433 habeut.
578 1393 683 1433 Nam
704 1406 746 1433 α.
773 1392 928 1431 ineerta
955 1390 1199 1441 ‹loxologiae
1221 1392 1359 1440 sedes,
1402 1402 1518 1439 quam
1539 1388 1623 1426 alia

143 1450 326 1491 subsidia
348 1449 389 1489 in
408 1448 484 1489 fine
510 1462 543 1489 c.
568 1448 662 1500 14.,
703 1449 787 1490 alia
809 1449 849 1488 iu
871 1461 934 1499 ep.
958 1447 1147 1488 clausula
1173 1447 1238 1495 16,
1258 1448 1329 1487 25.
1349 1471 1394 1476 —
1410 1446 1481 1487 27.
1507 1445 1622 1484 exhi-

145 1508 260 1558 bent,
291 1507 542 1547 diversorum
560 1519 776 1558 corporum
796 1505 975 1545 membra
990 1537 1000 1555 ,
1032 1513 1072 1543 ut
1095 1517 1216 1542 unum
1238 1517 1384 1554 corpu<
1408 1503 1623 1550 estieereut,

142 1565 248 1605 male
266 1563 547 1616 conglutinata
566 1576 657 1603 esse
686 1563 846 1602 minime
875 1563 1011 1612 docet,
1048 1560 1365 1612 quandoquidem
1387 1572 1467 1598 uon
1489 1560 1620 1598 solum

143 1621 406 1673 doxologiam
424 1626 462 1659 et
485 1633 510 1659 a
530 1620 574 1661 P.
595 1619 813 1671 profectam
841 1633 931 1659 esse
955 1626 992 1657 et
1013 1618 1051 1657 in
1072 1631 1138 1669 ep.
1168 1619 1217 1656 ad
1239 1616 1359 1657 Rom.
1382 1616 1620 1656 collocatam

143 1678 264 1719 facile
285 1680 558 1727 demonstres,
595 1689 730 1716 verum
755 1676 875 1716 etiam
897 1690 973 1728 quo
993 1689 1079 1715 eam
1102 1673 1299 1726 epistolae
1326 1675 1353 1714 l.
1374 1674 1451 1724 Ap,
1474 1686 1622 1725 posue-

143 1736 196 1776 rit
228 1734 378 1785 liquido
414 1733 624 1773 confirmes
652 1735 712 1787 (v,
744 1733 883 1786 infra).
952 1733 1092 1784 Neque
1124 1735 1168 1783 β.
1199 1731 1392 1770 bonorum
1423 1738 1622 1779 votorum,

143 1803 247 1844 qnae
273 1791 491 1831 lectoribus
504 1787 809 1830 raledieentium
825 1797 937 1840 sunt,
964 1789 1122 1828 iteratio
1147 1790 1237 1840 (15,
1259 1788 1329 1829 33.
1354 1784 1622 1838 16,’20.24.)

145 1854 266 1901 caput
287 1849 354 1889 15.
374 1854 411 1888 et
429 1849 497 1890 16.
520 1855 588 1887 aut
618 1847 814 1899 epistolas
845 1847 1017 1886 ‹livor-eis
1040 1846 1287 1897 temporibus
1317 1847 1367 1884 ad
1386 1844 1500 1884 Rom.
1522 1857 1622 1884 eon·

144 1907 355 1957 signatas,
386 1911 454 1943 aut
475 1904 734 1956 epistolarum
755 1907 802 1944 ad
825 1904 960 1943 neseio
984 1917 1083 1954 quos
1104 1903 1208 1942 alios
1229 1903 1411 1942 homiues
1438 1903 1621 1941 datarum

143 1964 372 2015 fragmenta
393 1962 601 2014 complecti
628 1963 784 2012 probat.
843 1962 1182 2010 Quemadmodum
1202 1962 1304 1999 euim
1329 1959 1443 1999 linem
1465 1959 1619 2010 episto-

143 2022 208 2060 lae
239 2017 463 2069 imposituri
497 2020 690 2070 nonnulla
721 2032 842 2068 saepe
873 2019 1081 2067 audimus,
1122 2029 1223 2069 quae
1251 2017 1473 2057 carissimo
1491 2016 1619 2055 amico

144 2090 225 2116 non
245 2076 401 2115 dixisse
421 2089 493 2115 nos
516 2077 740 2127 poeniteat,
783 2082 863 2114 tum
883 2076 943 2114 vel
969 2075 1073 2114 ‹lietzi
1096 2075 1224 2115 salute
1245 2074 1352 2122 alia,
1395 2086 1495 2124 quae
1517 2073 1619 2112 ami-

145 2147 230 2173 cum
263 2146 342 2172 nou
367 2133 499 2173 miuus
531 2133 634 2172 seire
666 2122 910 2172 voluerimus
943 2132 1249 2183 adapergimus,
1299 2131 1358 2171 sie
1389 2130 1434 2171 P.
1464 2143 1620 2181 quoque

144 2191 276 2230 faeere
296 2190 422 2242 potuit
445 2190 551 2231 Phil.
572 2190 613 2239 3,
639 2192 676 2231 l.
696 2189 737 2235 4.
762 2191 799 2230 1.
824 2190 865 2229 0.
885 2189 953 2229 20.
979 2189 1066 2230 23..
1131 2189 1332 2227 Postremo
1362 2203 1395 2239 y.
1419 2187 1494 2225 hue
1518 2201 1617 2226 uou-

145 2248 280 2288 uullos
304 2247 491 2299 offendit,
530 2249 631 2298 quud
665 2247 707 2287 l'.
739 2253 793 2284 tot
825 2246 1047 2285 suiuiliares
1079 2253 1115 2283 et
1142 2253 1337 2295 cog-uaros
1368 2252 1444 2283 tum
1469 2243 1619 2283 Romae

145 2304 354 2353 halmerit,
393 2312 487 2356 quot
512 2305 578 2355 16,
599 2304 638 2344 3.
661 2316 751 2355 sqq.
780 2304 829 2341 ab
856 2317 901 2342 eo
936 2304 1191 2351 salutantur,
1232 2315 1351 2353 quum
1383 2302 1620 2352 praesertim

145 2375 281 2401 eorum
312 2362 548 2400 mentionem
574 2373 698 2412 neque
731 2360 861 2399 Lucas
891 2360 1026 2399 feeerit
1059 2360 1146 2399 Aet.
1179 2373 1211 2398 e.
1234 2359 1329 2407 28„
1369 2371 1496 2409 neque
1514 2358 1556 2399 P.
1579 2359 1618 2398 in

146 2418 332 2469 epistolis
365 2417 515 2457 Romae
548 2417 710 2469 seriptis
743 2416 831 2457 Col.
855 2416 896 2467 4,
923 2417 987 2458 14.
1026 2418 1050 2457 2
1072 2417 1179 2457 Tim.
1203 2416 1244 2465 4,
1271 2415 1334 2455 10.
1366 2416 1433 2456 16.
1456 2416 1526 2456 21.
1562 2423 1618 2465 (r.

149 2475 248 2515 Veu.
278 2473 516 2515 Sele-daus
560 2475 596 2514 iu
632 2475 755 2517 &tutu
794 2478 870 2514 nub
907 2475 1004 2515 mit.
1039 2474 1162 2514 1829.
1216 2486 1254 2523 p.
1281 2471 1380 2514 609.
1411 2485 1471 2523 sq.
1512 2478 1549 2511 et
1579 2474 1619 2513 b.

144 2531 352 2572 schottus
373 2532 479 2583 lsag.
514 2545 549 2582 p.
571 2531 707 2581 249.).
767 2531 863 2571 Sine
894 2530 1037 2570 idoueai
1056 2530 1195 2571 eausa.
1257 2530 1382 2581 Nam,
1422 2543 1472 2569 ue
1496 2542 1617 2581 supe-

146 2589 228 2629 rius
253 2589 358 2627 dieta
390 2590 443 2639 (§.
465 2589 505 2629 3.
532 2606 572 2629 α.
591 2588 678 2636 fin.)
707 2595 906 2640 repetam,
946 2587 1027 2626 lieri
1051 2599 1150 2628 sane
1176 2587 1327 2639 potuit,
1362 2594 1401 2626 ut
1429 2596 1547 2639 quum
1572 2586 1616 2626 P.

146 2646 311 2686 Romam
334 2646 507 2683 venisset
529 2645 744 2684 uouuullos
775 2659 852 2684 nou
881 2645 1102 2694 inveniret,
1144 2646 1210 2696 qni
1238 2645 1365 2684 tribus
1391 2643 1506 2684 annis
1525 2650 1615 2682 ante

147 2717 262 2755 quum
287 2702 422 2741 literas
449 2701 614 2741 Romam
639 2703 749 2742 daret
776 2703 828 2742 ibi
850 2702 1034 2742 fuissent.
1094 2702 1307 2742 Praeterea
1340 2699 1437 2740 nihil
1467 2700 1616 2745 obstat,

146 2760 355 2810 quominus
389 2758 604 2797 nonnullos
634 2772 680 2796 ex
715 2759 798 2798 illis
827 2767 905 2798 tum
935 2772 1088 2810 quoque
1110 2759 1260 2799 Rornae
1280 2758 1410 2797 fuisse
1437 2763 1617 2807 putemus

143 2820 167 2857 ‘2
187 2817 291 2857 Tim.
311 2816 352 2866 4,
373 2817 460 2857 21..
519 2816 636 2855 Certe
657 2815 911 2856 'l'imotlienm
937 2816 977 2856 P.
1008 2830 1086 2856 nou
1120 2817 1241 2856 aliam
1270 2816 1321 2854 ob
1343 2826 1505 2854 eausam
1530 2813 1614 2854 Ro-
