1752 3347
180 101 234 149 16
462 97 842 142 EplsToLA
877 97 1370 142 ADROMANOS

179 205 427 252 addendum
455 212 523 249 est
551 206 606 262 (Ξ.
635 219 676 248 e.
705 212 807 247 ante
833 219 874 248 v.
903 206 1016 246 θεοῦ
1045 202 1236 261 πατρός)
1263 205 1324 248 ita
1354 205 1650 266 accipiendam

179 265 375 317 ,voculam
394 278 518 317 esse,
549 267 600 304 ut
616 261 672 302 ab
691 258 780 302 ὑπό
797 275 923 302 sensu
941 274 1027 302 non
1052 258 1229 304 differat
1257 263 1334 316 [cf.
1361 266 1517 321 supra}
1543 260 1651 308 ἐλά-

177 324 331 378 βομεν]
353 320 515 364 Utrum
534 319 615 361 hoc
636 316 696 359 sit
715 317 957 371 accepimus
973 331 1065 373 cyo
1087 322 1139 360 et
1167 318 1405 389 colleoae
1423 321 1543 374 mei,
1572 336 1649 364 ee-

179 379 287 425 teri
303 376 550 433 Apostoli
568 373 811 429 [Benqel.]‚
841 387 898 414 an
919 374 1160 440 accepimus
1180 375 1210 419 i.
1231 389 1272 419 e.
1290 376 1438 431 accepi
1449 377 1651 431 cyamu-

177 437 244 482 lus
265 434 529 492 [Boehmv'us]
549 430 821 486 argumentis
846 428 1027 472 decerni
1052 444 1184 488 posse
1212 428 1423 490 desperat
1440 431 1652 478 Rueelcer-

180 498 265 538 tus.
320 491 391 533 At
411 487 596 531 Paulum
628 487 698 529 hic
726 485 781 530 de
813 500 860 529 se
888 487 984 529 solo
1009 487 1133 545 loqui
1162 501 1217 531 ex
1246 489 1344 557 ipso
1376 504 1446 535 vs-
1465 488 1653 533 aeto.

177 547 364 597 consilio
383 545 688 601 cognoscitur,
727 543 843 602 quod
873 543 953 586 hoc
980 551 1074 599 est,
1115 551 1164 588 ut
1191 544 1278 590 sibi
1304 546 1532 598 Romanos
1558 545 1652 604 epi-

178 606 294 649 stom
320 599 624 646 commonendi
650 600 729 669 ¹jus
768 616 867 644 esse
900 599 1286 646 demonstraturus
1313 617 1394 661 per
1422 603 1576 649 Iesum
1602 617 1656 646 se

177 660 395 720 Apostoli
432 673 591 701 munus
627 673 693 702 sle
728 673 828 700 acce
865 659 954 711 isse
979 658 1157 712 doceat,
1192 665 1242 702 ut
1267 675 1411 704 omnes
1433 660 1655 712 nationes,

177 733 284 774 ergo
305 717 439 761 etiam
460 716 706 769 Romanos,
736 714 793 757 ad
812 674 1070 787 obseouium
1091 715 1317 761 doctrinae
1339 718 1496 762 christ.
1522 732 1655 776 prae-

178 774 384 820 standum
403 772 608 817 adducat.
662 772 792 828 χάριν
811 774 884 815 καὶ
910 770 1187 829 αποστολήν]
1218 773 1341 817 Haec
1371 789 1413 818 v.
1440 773 1656 831 quidem

176 849 250 877 res
275 831 417 876 Paulo
437 830 563 874 datas
585 829 808 872 continere
828 834 986 888 putant
1005 836 1051 873 et
1073 830 1134 872 sic
1154 832 1402 889 explicant:
1431 845 1510 885 per
1526 842 1656 932 m·

89 925 101 930 ,
177 890 323 947 accepi
339 887 398 946 fa
409 902 464 931 vo
476 902 583 932 rem
599 887 684 931 div.
705 886 772 943 (ut
792 901 818 929 α
833 887 1018 943 pristino
1035 901 1179 931 errore
1195 894 1398 931 avocatus
1415 892 1457 931 et
1475 887 1522 930 in

175 948 415 992 stlanorum
446 944 693 988 societatem
722 944 939 998 receptus)
967 948 1009 986 et
1035 959 1187 986 munus
1216 945 1410 1000 Apostoli
1435 944 1480 989 h.
1508 958 1551 987 e.
1574 958 1655 999 per

205 1019 299 1047 uem
316 1002 463 1061 sactus
479 1015 574 1044 sum
592 999 710 1042 homo
728 999 876 1043 christ.
894 1005 935 1042 et
947 1000 1175 1055 Apostolus
1187 1000 1435 1056 [Auyustin.
1448 1032 1461 1052 ,
1479 1001 1653 1051 ΙΙοωη..

185 1111 188 1114 ‚
216 1060 450 1112 holucce'us,
497 1056 733 1101 Beneclu'us
767 1056 847 1111 aL]
887 1056 944 1097 iis
983 1071 1071 1098 non
1098 1071 1207 1098 usus
1236 1055 1412 1113 quidem
1441 1055 1654 1114 loquendi

176 1119 324 1162 obstat
349 1119 489 1173 (recte
519 1114 635 1156 enim
664 1111 718 1157 P.
744 1127 866 1155 suam
894 1111 951 1154 ad
980 1126 1105 1154 sacra
1135 1113 1291 1158 christ.
1321 1115 1654 1157 conversionem

170 1172 301 1230 χάριν
330 1188 368 1218 s.
395 1169 521 1221 ἔλεος
550 1171 595 1215 11.
623 1185 663 1214 e.
692 1168 858 1226 favoris
894 1170 978 1213 cliv.
1006 1170 1302 1213 documentum
1330 1172 1355 1213 l
1384 1170 1506 1215 Tim.
1528 1170 1653 1223 1‚13.

173 1229 538 1290 appellavisset),
568 1225 646 1268 sed
675 1225 891 1268 orationis
919 1226 1211 1293 perpetuitas,
1277 1226 1394 1269 Nam
1423 1242 1509 1284 quo
1536 1228 1570 1273 l.
1599 1226 1654 1273 P.

174 1287 388 1346 Apostoli
407 1284 603 1327 muneris
625 1284 668 1325 in
689 1297 736 1325 se
754 1283 908 1325 collati
928 1289 1124 1325 rationes
1144 1298 1363 1350 exponere
1385 1283 1655 1327 decrevisset

175 1346 289 1389 nihil
310 1357 416 1387 sane
434 1342 514 1384 hoc
532 1339 620 1382 dici
644 1339 885 1392 attinebat,
906 1355 1016 1384 vesse
1046 1355 1093 1382 se
1113 1341 1271 1385 Chresti
1298 1347 1555 1384 sectatorem
1586 1343 1655 1384 sa-

174 1408 308 1447 ctum.
364 1398 516 1443 Habet
534 1398 675 1454 igitur
689 1394 765 1439 καί
782 1397 869 1439 vim
890 1397 1164 1455 explicandi:
1179 1413 1257 1453 per
1276 1413 1399 1454 quem
1417 1399 1564 1454 accepi
1578 1398 1653 1455 fa-

174 1460 286 1505 voris
303 1457 387 1502 «liv.
404 1457 724 1506 documentum,
765 1454 816 1496 di
826 1469 878 1496 co
896 1469 922 1496 a
935 1458 1073 1496 utem
1102 1468 1255 1496 munus
1276 1455 1493 1508 Apostoli,
1524 1456 1653 1504 bustu

175 1518 338 1570 εΐωείέ,
369 1514 555 1569 uebluiid)
575 1513 812 1566 &postclomt
830 1510 988 1564 [Bezm
1017 1510 1155 1562 Grot„
1186 1510 1447 1563 Limhorch„
1488 1508 1653 1565 Wetst„

174 1572 403 1619 Boelune'us
421 1570 482 1614 al,
503 1569 560 1612 cl.
582 1569 614 1613 l.
633 1567 763 1612 Rom.
785 1568 854 1619 12,
866 1567 908 1611 3.
929 1566 1043 1625 Eph.
1059 1567 1189 1622 3‚8.].
1248 1565 1314 1616 εἰς
1344 1565 1544 1624 ἶπακοὴν
1568 1567 1653 1610 πί-

175 1630 332 1684 στεως]
366 1626 583 1669 Voculam
602 1621 667 1675 εἷς
679 1623 809 1679 finem
835 1628 988 1666 notare
1019 1628 1062 1665 et
1090 1625 1351 1666 vernaculae
1379 1625 1475 1666 voci
1502 1639 1556 1681 3²¹
1582 1639 1653 1668 re-

175 1685 392 1746 spondere
411 1682 678 1726 tralatitium
704 1687 796 1733 est;
833 1681 892 1725 cf.
922 1681 1089 1739 EpheS.
1123 1683 1214 1734 1‚6.
1245 1682 1333 1725 10..
1396 1682 1653 1726 Genitivum

172 1743 368 1793 πίστεως
389 1739 464 1798 qui
484 1738 775 1797 subjectivum
796 1744 971 1781 censeat
992 1742 1036 1780 et
1053 1739 1097 1780 in
1116 1738 1230 1781 hunc
1248 1737 1423 1781 modum
1441 1739 1655 1797 explicet:

173 1802 232 1845 ad
247 1800 487 1856 obsequium
506 1797 626 1852 (scil.
646 1795 756 1850 Dei)
774 1794 1072 1852 efficiendum,
1109 1796 1219 1852 quod
1231 1795 1340 1849 fides
1357 1801 1436 1841 aut
1451 1797 1655 1851 postulet,

173 1862 251 1902 aut
271 1856 434 1899 excitet
452 1869 550 1897 eum
569 1853 681 1896 male
699 1853 867 1905 facere,
899 1851 1016 1909 quod
1037 1853 1214 1895 tametsi
1241 1851 1291 1896 P.
1313 1852 1524 1896 virtutem
1551 1853 1583 1898 i.
1610 1868 1654 1898 e.

173 1912 435 1970 obsequium
456 1912 555 1954 Deo
582 1908 920 1969 praestandum,
959 1924 1056 1952 cum
1084 1908 1170 1952 fide
1195 1909 1447 1952 arctissimo
1478 1910 1656 1954 vinculo

174 1970 393 2016 contineri
409 1969 601 2012 voluerit
622 1967 748 2024 [Gal.
764 1966 859 2020 5‚6.
878 1966 1044 2025 Ephes.
1067 1968 1106 2019 l,
1120 1967 1232 2022 15.]‚
1261 1981 1483 2033 nunquam
1507 1971 1654 2010 tamen

172 2044 222 2074 se
246 2027 409 2071 idcirco
430 2026 703 2084 Apostolum
731 2028 927 2066 creatum
955 2023 1143 2075 dixerit,
1179 2030 1227 2066 ut
1260 2024 1481 2067 hominum
1509 2039 1654 2066 mores

171 2084 449 2133 emendaret,
480 2082 560 2125 sed
579 2087 627 2125 ut
648 2096 722 2124 eos
741 2081 943 2124 edoceret
960 2087 1003 2124 et
1024 2080 1079 2123 ad
1097 2080 1224 2124 fidem
1246 2082 1288 2123 in
1309 2081 1488 2124 Christo
1515 2082 1655 2124 collo-

172 2142 356 2187 candam
385 2144 660 2199 permoveret
691 2139 874 2196 [Ephes.
902 2138 1017 2194 3‚8.]
1046 2138 1282 2181 Rueck-erto
1307 2138 1439 2180 [ancile
1465 2139 1654 2193 largior.

173 2200 264 2245 Sed
290 2200 397 2242 licet
424 2203 570 2240 tamen
602 2196 808 2240 Genitivo
835 2194 1028 2246 πίστεως
1056 2209 1190 2237 sensu
1228 2194 1472 2254 subjective
1507 2202 1655 2238 sumto
1672 2232 1683 2242 ,

164 2256 580 2316 {interpretationem
605 2253 720 2297 inire
749 2251 988 2313 ejusmodi,
1024 2266 1137 2308 quae
1166 2252 1367 2309 specioso
1395 2258 1655 2306 argumento

168 2314 386 2359 exornari
450 2312 577 2358 ossit.
653 2309 770 2353 Nam
797 2310 836 2352 si
881 2307 1075 2359 πίστεως
1100 2308 1356 2351 vocabulum
1392 2324 1489 2351 cum
1523 2309 1655 2353 neo-

169 2373 317 2430 phyl„
344 2328 539 2423 Gaslll’ino,
590 2367 794 2419 Vatabw,
825 2366 975 2419 ΠΙοιὈ,
1009 2365 1175 2408 Naebe'o
1203 2367 1264 2410 al.
1293 2367 1547 2411 Genitivum
1574 2381 1652 2422 ap-

168 2429 393 2487 positionis
410 2427 567 2469 seeeris
581 2459 592 2479 ‚
612 2425 874 2468 sententiam
893 2423 1180 2479 consequaris
1202 2422 1425 2468 idoneam:
1441 2437 1650 2480 perquem

85 2518 92 2522 -
171 2485 282 2530 milti
299 2485 473 2540 contio&
493 2483 687 2540 Apostoli
705 2496 880 2532 munus,
910 2484 955 2522 ut
974 2479 1214 2531 obseouium
1242 2480 1485 2537 efficerem,
1515 2479 1651 2537 quod

173 2543 231 2588 in
261 2540 377 2599 fide
406 2541 668 2585 cernitur.
727 2538 909 2582 Scilicet
959 2552 1059 2579 1111111
1078 2537 1205 2579 Deus
1221 2538 1433 2592 postulet,
1470 2541 1519 2580 ut
1537 2534 1650 2578 fides

174 2597 408 2654 evangelio
433 2596 726 2655 adjungatur,
772 2600 865 2637 tum
897 2552 1024 2636 sillem
1056 2594 1095 2636 ei
1122 2593 1333 2636 habentes
1356 2594 1651 2648 obtemperan-

174 2662 266 2711 tes,
292 2660 386 2698 tum
407 2653 534 2696 fidem
554 2653 824 2708 denegantes
843 2652 955 2695 dieto
971 2667 1049 2694 nou
1071 2651 1291 2693 ‹uadientes
1308 2656 1350 2694 et
1368 2654 1650 2703 conanum-es,

95 2755 110 2763 ,
173 2716 270 2758 tum
290 2710 418 2756 fldem
438 2711 578 2769 ipsam
597 2710 980 2765 obtemperantiam
1009 2713 1126 2750 recte
1157 2707 1302 2749 animo
1328 2705 1499 2763 concipi
1523 2720 1649 2748 voca-

177 2771 308 2829 rique
324 2773 527 2829 apertum
546 2772 632 2811 est.
690 2767 806 2810 Hinc
827 2766 955 2809 fidem
976 2764 1205 2816 evangelio
1221 2763 1509 2823 adjungentes
1527 2759 1650 2832 {vrtu-

1506 2835 1642 2862 ΧΟΓΕΗ
