1752 3347
551 159 639 202 CA
657 157 706 203 Ρ.
742 157 779 201 1.
827 158 848 199 Χ
878 173 915 201 s.
949 158 990 200 3.
1032 161 1082 198 et
1113 157 1157 199 4.
1543 151 1596 194 13

120 266 181 308 rit
200 267 223 309 1
242 264 344 310 Cor.
365 264 516 319 15‚1⁵.
545 270 665 322 (nam
691 264 737 306 id
764 264 907 322 ipsum
937 263 990 305 de
1015 263 1176 305 ceteris
1205 275 1378 318 quoque
1408 261 1593 303 mortuis

121 323 535 379 valeret,'q11ia¹1te
555 322 782 366 Christum
801 322 1087 383 revixerant),
1118 333 1246 377 quam
1267 319 1445 371 idcirco,
1477 315 1593 374 quod

121 380 163 422 in
185 380 245 424 V.
266 379 324 424 T.
343 379 615 438 praedictum
637 380 717 429 sit,
744 379 837 421 fore
851 411 862 431 ,
892 383 941 421 ut
958 378 1149 421 Messias
1168 380 1366 418 mortuus
1390 375 1430 417 in
1461 376 1592 416 vitam

119 436 272 479 redeat
292 439 418 494 [Act.
440 436 550 489 2,24
569 452 637 494 sq.
662 438 728 484 13,
741 437 797 477 32
819 451 888 493 sq.
912 436 1034 489 17‚2.
1056 434 1098 477 3.
1121 433 1260 486 26‚22
1276 434 1382 489 sq.].
1442 430 1593 487 Quare

120 495 160 536 si
178 494 311 538 J‘esus
330 494 464 536 vitam
495 509 578 535 nou
610 494 872 550 recepisset,
911 507 995 534 non
1021 491 1182 533 fuisset
1210 489 1419 532 Messias.
1477 487 1593 530 Tum

121 566 223 593 vero
241 555 286 593 et
305 565 413 593 vana
435 551 598 592 suisset
615 550 938 606 Apostolorum
958 563 1055 591 eum
1074 547 1285 591 Messinm
1335 545 1593 588 ronuntian-

120 608 229 650 tium
257 606 482 657 doctrina,
525 611 569 647 et
597 605 741 647 inanis
770 605 1124 649 Christianorum
1154 620 1251 648 eum
1282 561 1492 645 illiessiam
1522 602 1595 660 pie

121 663 419 707 venerantium
440 661 550 704 tides
565 663 609 717 [l
623 661 725 705 Cor.
750 661 817 711 15,
832 663 920 715 14.]
942 677 1082 719 neque
1103 662 1281 718 expiata
1307 659 1594 703 esseutChri-

119 721 179 762 sti
198 719 415 777 supplicio
434 719 655 760 hominum
676 718 843 773 flagitia
864 720 910 774 [1
922 718 1024 763 Cor.
1044 718 1111 772 15,
1128 721 1216 772 17]
1277 717 1454 775 Quippe
1473 716 1594 774 turpi

116 777 208 820 leto
256 776 434 819 eriissct
452 779 502 818 ut
520 775 646 817 homo
668 775 945 817 facinorosus
959 807 970 827 ‚
1008 789 1094 816 non
1115 779 1296 817 mortem
1317 774 1596 816 occubuisset

119 837 169 877 ut
205 841 223 876 l
254 834 426 885 essias‚
480 832 702 874 hominum
734 836 912 889 peccata
943 832 1222 889 expiaturus.
1292 831 1498 875 Ceterum
1539 829 1592 874 P.

117 905 254 949 quum
274 889 500 935 Christum
521 887 722 945 ἀπαρχὴν
739 890 825 931 τῶν
851 888 1178 945 κεκοιμημένων
1204 890 1228 930 l
1248 887 1351 933 Cor.
1372 889 1520 942 15‚20.
1547 891 1593 930 et

117 944 406 1003 πρωτότοκον
427 944 474 989 ἐκ
491 947 576 988 τῶν
594 948 756 1003 νεκρῶν
774 945 872 989 Col.
896 945 1017 998 1‚18.
1045 945 1120 1000 [cf.
1139 946 1286 1003 Apoc.
1311 946 1423 1001 l,5.]
1454 949 1595 995 vocat,

116 1005 231 1048 alios
250 1007 352 1047 ante
370 1018 468 1046 eum
497 1007 693 1045 mortuos
720 1003 939 1045 revixisse
966 1002 1143 1044 minime
1173 1006 1328 1057 negat,
1363 1001 1442 1043 sed
1471 1002 1594 1044 nulla

118 1061 297 1104 illorum
331 1061 502 1104 ratione
537 1059 685 1102 habita
718 1059 943 1104 Christum
979 1059 1169 1117 primum
1198 1064 1402 1101 numerat
1430 1074 1597 1111 eorum,

118 1121 230 1176 quos
250 1119 347 1176 ipse
367 1117 426 1160 sit
435 1117 643 1160 Christus
664 1116 904 1173 aliquando
924 1117 970 1158 in
987 1117 1120 1159 vitam
1138 1115 1448 1160 restituturuS.
1496 1115 1596 1158 Hoc

119 1190 253 1233 quum
273 1190 327 1217 ex
350 1177 374 1218 1
392 1174 493 1219 Cor.
520 1174 796 1227 15,2o-22.
821 1173 1110 1229 intelligitur,
1154 1188 1239 1230 quo
1268 1175 1363 1215 loco
1397 1172 1446 1217 P.
1466 1172 1594 1216 Chri-

119 1237 234 1275 stum
254 1232 371 1275 vitae
392 1232 693 1274 restitutorem
716 1245 811 1272 cum
829 1230 1006 1273 Adamo
1028 1232 1182 1272 mortis
1209 1236 1387 1273 auctore
1416 1234 1595 1272 couten-

118 1290 209 1342 dit,
247 1293 338 1331 tum
359 1303 412 1330 ex
435 1290 459 1330 1
482 1287 584 1332 Cor.
608 1288 674 1340 15,
685 1287 757 1332 23.
778 1292 988 1345 apparet,
1021 1288 1098 1330 uhi
1126 1288 1250 1330 initio
1271 1288 1496 1332 Christum
1528 1286 1595 1328 di-

120 1347 181 1388 eit
198 1346 416 1389 revixisse
443 1359 629 1401 eumque
658 1349 1010 1400 conscquuturos
1038 1359 1137 1387 esse
1164 1343 1266 1394 τοῦς
1293 1350 1371 1387 τοῦ
1392 1345 1595 1398 Χριστοῦ

121 1401 166 1446 ἐν
184 1403 236 1460 τῇ
256 1399 483 1459 παρουσίᾳ
503 1400 652 1443 αὐτοῦ.
712 1399 872 1458 Neque
892 1402 1040 1444 obstat
1058 1402 1091 1445 l.
1110 1402 1217 1446 Act.
1237 1402 1306 1451 26,
1319 1402 1390 1445 22.
1413 1401 1500 1454 2:5²„
1518 1399 1596 1441 ubi

121 1457 175 1504 Ρ.
194 1474 243 1501 se
263 1459 397 1511 nihil,
439 1462 749 1515 praeterquam
779 1473 891 1515 quae
920 1459 1163 1517 prophetae
1195 1463 1238 1501 et
1265 1457 1415 1500 Moses
1442 1458 1592 1498 sutura

118 1514 446 1576 portenderint,
476 1514 633 1556 docere
652 1515 908 1570 profitetur,
939 1515 979 1557 si
1010 1530 1160 1557 verum
1187 1516 1268 1568 sit,
1299 1515 1416 1572 quod
1442 1513 1596 1569 negari

117 1576 331 1630 nequeat,
359 1571 569 1614 Messiam
590 1575 728 1613 morte
748 1571 972 1613 exantlata
996 1572 1057 1615 V.
1074 1571 1135 1616 T.
1156 1573 1347 1614 oraculis
1369 1586 1465 1614 eum
1494 1586 1595 1612 con-

118 1631 322 1673 stitutum
351 1644 476 1681 esse,
515 1628 592 1685 qui
617 1628 787 1685 primus
816 1633 911 1684 post
939 1628 1130 1671 reditum
1157 1644 1210 1670 ex
1242 1629 1398 1670 inferis
1429 1631 1525 1682 (aut
1556 1627 1595 1668 si

118 1687 258 1730 mavis
276 1686 418 1729 reditu
435 1699 508 1729 suo
527 1700 585 1727 ex
601 1683 775 1741 inferis)
794 1685 1050 1728 felicitatem
1069 1686 1097 1730 J
1100 1685 1253 1728 udaeis
1281 1690 1325 1728 et
1350 1684 1594 1740 gentilibus

116 1742 415 1787 annuntiaret.
472 1741 574 1784 Non
592 1741 730 1796 igitur
747 1743 963 1796 affirmat,
989 1758 1088 1785 esse
1111 1743 1155 1784 in
1174 1743 1302 1795 fatis,
1333 1748 1382 1785 ut
1400 1741 1594 1784 Messias

119 1801 288 1860 primus
308 1799 499 1842 omnium
518 1803 789 1840 mortuorum
808 1799 1116 1852 revivisceret,
1153 1799 1232 1842 sed
1248 1801 1339 1842 fata
1365 1799 1594 1858 postulare

117 1855 368 1910 contendit,
403 1859 480 1898 aut
501 1859 550 1898 ut
569 1855 740 1913 primus
763 1862 860 1911 post
886 1856 1075 1899 reditum
1104 1857 1150 1899 in
1175 1857 1310 1900 vitam
1331 1856 1524 1902 Judaeos
1551 1859 1596 1896 et

118 1915 308 1972 gentiles
327 1914 500 1975 bearet,
541 1911 659 1969 quod
677 1912 882 1955 nimirum
903 1914 1060 1967 abiis,
1096 1914 1174 1971 qui
1201 1919 1302 1956 ante
1330 1929 1429 1956 eum
1455 1913 1503 1955 in
1530 1912 1594 1955 vi-

119 1978 208 2015 tam
227 1970 476 2023 redierunt,
496 1970 666 2031 *factum
685 1984 772 2012 non
792 1974 882 2024 est,
922 1976 998 2014 aut
1015 1974 1066 2013 ut
1087 1972 1258 2029 primus
1285 1985 1360 2014 suo
1388 1971 1430 2013 in
1459 1969 1594 2013 vitam

115 2029 280 2081 reditu,
312 2027 474 2085 quippe
492 2026 705 2084 primario
726 2027 998 2081 messianae,
1035 2029 1121 2085 qua
1142 2031 1324 2070 ornatus
1344 2031 1486 2079 esset,
1516 2040 1594 2068 au.-

118 2085 340 2128 ctoritatis
359 2088 642 2139 argumento,
670 2084 899 2126 beatitatis
919 2089 1072 2127 auctor
1093 2089 1215 2128 esset
1225 2084 1407 2130 Judaeis
1429 2089 1598 2138 etgen-

117 2143 291 2186 tilibus.
350 2141 481 2184 Nunc
502 2155 636 2197 quum
653 2139 708 2182 de
739 2141 930 2198 singulis
958 2156 1077 2186 voco.
1104 2141 1421 2200 disputaverim
1447 2140 1595 2187 dicen-

120 2197 222 2242 dum
247 2199 357 2241 mihi
383 2197 436 2240 de
467 2198 688 2240 universis
717 2202 803 2244 est.
875 2199 1117 2241 Permultis
1142 2199 1204 2244 V.
1234 2199 1296 2242 D.
1322 2212 1462 2255 nuper
1487 2196 1596 2238 haec

122 2255 432 2312 interpretatio
450 2255 636 2312 probata
666 2259 761 2298 est:
800 2255 871 2312 qui
897 2257 1111 2299 evidenter
1137 2256 1391 2299 constitutus
1416 2259 1481 2296 est
1505 2253 1594 2296 Dea·

117 2310 236 2366 filius
252 2313 479 2354 secundum
496 2312 698 2366 spiritum
726 2312 836 2365 div„
867 2326 945 2369 quo
970 2312 1175 2369 perfusus
1201 2316 1320 2363 erat,
1357 2325 1431 2353 suo
1457 2311 1502 2353 in
1527 2310 1590 2353 υἱ-

118 2374 212 2412 tam
227 2367 382 2411 reditu.
410 2372 669 2425 propterea,
700 2368 879 2426 opinor,
907 2368 1025 2426 quod
1045 2369 1109 2410 sic
1131 2363 1242 2409 κατοέ
1261 2368 1430 2420 πνεῦμα
1450 2366 1593 2422 ἁγιω-

118 2421 253 2480 σύνης
269 2421 325 2465 ad
344 2437 385 2468 v.
406 2425 516 2466 κατὰ
536 2425 677 2481 σάρκα
693 2426 902 2467 concinne
922 2426 1081 2467 referri
1098 2425 1438 2469 arbitrarentur.
1481 2422 1593 2479 Qui-

55 2494 59 2497 ’
119 2480 205 2524 bus
232 2483 410 2538 praeter
436 2494 512 2533 ea,
549 2496 661 2537 quae
682 2481 775 2541 jam
803 2497 939 2540 supra
965 2481 1174 2539 exposui,
1215 2480 1302 2522 tria
1330 2484 1592 2536 argumenta

116 2536 374 2598 objecerim.
437 2535 636 2579 Primum
678 2539 793 2580 enim
829 2538 1191 2590 concinnitatem,
1232 2552 1344 2594 quae
1378 2542 1520 2580 totum
1556 2538 1591 2583 l.

117 2594 509 2653 complecteretur,
550 2594 724 2636 minime
750 2595 1003 2638 effecerunt.
1069 2594 1287 2637 Ubertate
1316 2595 1430 2636 enim
1457 2609 1590 2636 mem-

118 2651 247 2694 brum
265 2649 487 2708 posterius
505 2650 584 2691 τοῦ
602 2648 862 2705 ὁρισθέντος
879 2677 935 2684 —-
954 2651 1003 2702 ἐξ
1018 2650 1299 2700 ἀναστάσεως
1315 2652 1477 2707 νεκρῶν
1493 2651 1589 2693 vin·-

118 2708 182 2750 cit
198 2708 323 2765 prius
345 2707 424 2749 τοῦ
452 2703 684 2761 γενομένου
701 2705 882 2749 -κατὰ
909 2708 1062 2762 σάρκα.
1121 2707 1218 2751 Hoc
1246 2707 1454 2752 Christus
1484 2709 1589 2750 sim-

119 2764 296 2824 pliciter
313 2768 474 2807 natus
491 2761 652 2804 dicitur
669 2777 693 2804 e
708 2768 832 2819 yente
849 2765 1050 2818 Davidis,
1076 2765 1157 2807 illo
1173 2765 1455 2808 evidenter
1474 2779 1584 2807 cona

115 2821 352 2865 stitutus
371 2818 607 2875 Deifilz'mss
638 2818 721 2862 hoc
744 2821 1028 2864 secundum
1055 2835 1243 2875 corpus
1263 2836 1291 2864 a
1312 2822 1479 2864 Davide
1497 2821 1581 2863 ori-
