<?xml version="1.0" encoding="UTF-8"?>
<!DOCTYPE html PUBLIC "-//W3C//DTD XHTML 1.0 Transitional//EN"
    "http://www.w3.org/TR/xhtml1/DTD/xhtml1-transitional.dtd">
<html xmlns="http://www.w3.org/1999/xhtml" xml:lang="en" lang="en">
 <head>
  <title>
</title>
<meta http-equiv="Content-Type" content="text/html;charset=utf-8" />
  <meta name='ocr-system' content='tesseract 3.04.00' />
  <meta name='ocr-capabilities' content='ocr_page ocr_carea ocr_par ocr_line ocrx_word'/>
</head>
<body>
  <div class='ocr_page' id='page_1' title='image "./pauliadromanosep01frituoft_0367.png"; bbox 0 0 1752 3347; ppageno 0'>
   <div class='ocr_carea' id='block_1_1' title="bbox 512 154 1491 204">
    <p class='ocr_par' dir='ltr' id='par_1_1' title="bbox 512 154 1491 204">
     <span class='ocr_line' id='line_1_1' title="bbox 512 154 1491 204; baseline -0.005 -1"><span class='ocrx_word' id='word_1_1' title='bbox 512 157 673 204; x_wconf 76' lang='lat' dir='ltr'><strong>GAP.</strong></span> <span class='ocrx_word' id='word_1_2' title='bbox 707 159 764 204; x_wconf 83' lang='lat' dir='ltr'>V.</span> <span class='ocrx_word' id='word_1_3' title='bbox 808 157 903 203; x_wconf 78' lang='lat' dir='ltr'>Vs.</span> <span class='ocrx_word' id='word_1_4' title='bbox 934 158 1030 202; x_wconf 81' lang='lat'><strong>12..</strong></span> <span class='ocrx_word' id='word_1_5' title='bbox 1403 154 1491 198; x_wconf 78' lang='lat'>303</span> 
     </span>
    </p>
   </div>
   <div class='ocr_carea' id='block_1_2' title="bbox 23 259 1499 1735">
    <p class='ocr_par' dir='ltr' id='par_1_2' title="bbox 23 259 1498 1454">
     <span class='ocr_line' id='line_1_2' title="bbox 31 259 1496 325; baseline -0.005 -15"><span class='ocrx_word' id='word_1_6' title='bbox 31 270 154 311; x_wconf 75' lang='lat' dir='ltr'>tel-ae</span> <span class='ocrx_word' id='word_1_7' title='bbox 176 264 308 310; x_wconf 82' lang='lat' dir='ltr'>lui&#39;us</span> <span class='ocrx_word' id='word_1_8' title='bbox 327 266 359 311; x_wconf 88' lang='lat' dir='ltr'>l.</span> <span class='ocrx_word' id='word_1_9' title='bbox 378 265 696 325; x_wconf 76' lang='lat' dir='ltr'>explicationes</span> <span class='ocrx_word' id='word_1_10' title='bbox 716 277 800 307; x_wconf 89' lang='lat' dir='ltr'>non</span> <span class='ocrx_word' id='word_1_11' title='bbox 820 268 923 306; x_wconf 80' lang='lat' dir='ltr'>sunt</span> <span class='ocrx_word' id='word_1_12' title='bbox 941 263 1072 306; x_wconf 80' lang='lat' dir='ltr'>unius</span> <span class='ocrx_word' id='word_1_13' title='bbox 1098 261 1231 306; x_wconf 75' lang='lat' dir='ltr'>assis.</span> <span class='ocrx_word' id='word_1_14' title='bbox 1287 259 1412 317; x_wconf 79' lang='lat' dir='ltr'>Quae</span> <span class='ocrx_word' id='word_1_15' title='bbox 1439 273 1496 303; x_wconf 82' lang='lat' dir='ltr'>eo</span> 
     </span>
     <span class='ocr_line' id='line_1_3' title="bbox 29 279 1492 380; baseline -0.006 -13"><span class='ocrx_word' id='word_1_16' title='bbox 29 325 124 368; x_wconf 72' lang='lat' dir='ltr'>fere</span> <span class='ocrx_word' id='word_1_17' title='bbox 142 279 351 377; x_wconf 67' lang='lat' dir='ltr'>tendunt,</span> <span class='ocrx_word' id='word_1_18' title='bbox 388 328 439 366; x_wconf 88' lang='lat' dir='ltr'>ut</span> <span class='ocrx_word' id='word_1_19' title='bbox 458 322 624 366; x_wconf 82' lang='lat' dir='ltr'>Adami</span> <span class='ocrx_word' id='word_1_20' title='bbox 648 328 848 380; x_wconf 74' lang='lat' dir='ltr'>posteros</span> <span class='ocrx_word' id='word_1_21' title='bbox 875 326 952 364; x_wconf 86' lang='lat' dir='ltr'>aut</span> <span class='ocrx_word' id='word_1_22' title='bbox 976 321 1021 362; x_wconf 88' lang='lat' dir='ltr'>in</span> <span class='ocrx_word' id='word_1_23' title='bbox 1048 319 1215 377; x_wconf 76' lang='lat' dir='ltr'>peccati</span> <span class='ocrx_word' id='word_1_24' title='bbox 1233 317 1289 360; x_wconf 81' lang='lat' dir='ltr'>ab</span> <span class='ocrx_word' id='word_1_25' title='bbox 1313 318 1492 360; x_wconf 79' lang='lat' dir='ltr'>Adamo</span> 
     </span>
     <span class='ocr_line' id='line_1_4' title="bbox 28 374 1495 430; baseline -0.004 -8"><span class='ocrx_word' id='word_1_26' title='bbox 28 380 254 424; x_wconf 82' lang='lat' dir='ltr'>commissi</span> <span class='ocrx_word' id='word_1_27' title='bbox 273 380 527 423; x_wconf 80' lang='lat' dir='ltr'>societatem</span> <span class='ocrx_word' id='word_1_28' title='bbox 546 380 719 422; x_wconf 78' lang='lat' dir='ltr'>venisse</span> <span class='ocrx_word' id='word_1_29' title='bbox 747 377 932 420; x_wconf 86' lang='lat' dir='ltr'>nondum</span> <span class='ocrx_word' id='word_1_30' title='bbox 959 382 1109 430; x_wconf 80' lang='lat' dir='ltr'>natos,</span> <span class='ocrx_word' id='word_1_31' title='bbox 1138 380 1215 418; x_wconf 77' lang='lat' dir='ltr'>aut</span> <span class='ocrx_word' id='word_1_32' title='bbox 1234 374 1400 418; x_wconf 83' lang='lat' dir='ltr'>Adami</span> <span class='ocrx_word' id='word_1_33' title='bbox 1426 375 1495 416; x_wconf 83' lang='lat' dir='ltr'>l&#39;a-</span> 
     </span>
     <span class='ocr_line' id='line_1_5' title="bbox 29 430 1495 494; baseline -0.004 -15"><span class='ocrx_word' id='word_1_34' title='bbox 29 437 157 480; x_wconf 83' lang='lat' dir='ltr'>cinus</span> <span class='ocrx_word' id='word_1_35' title='bbox 174 435 336 494; x_wconf 83' lang='lat' dir='ltr'>probro</span> <span class='ocrx_word' id='word_1_36' title='bbox 353 436 412 478; x_wconf 82' lang='lat' dir='ltr'>iis</span> <span class='ocrx_word' id='word_1_37' title='bbox 429 435 578 478; x_wconf 83' lang='lat' dir='ltr'>datum</span> <span class='ocrx_word' id='word_1_38' title='bbox 596 436 759 487; x_wconf 84' lang='lat' dir='ltr'>luisse,</span> <span class='ocrx_word' id='word_1_39' title='bbox 788 440 865 477; x_wconf 80' lang='lat' dir='ltr'>aut</span> <span class='ocrx_word' id='word_1_40' title='bbox 883 435 996 477; x_wconf 82' lang='lat' dir='ltr'>malo</span> <span class='ocrx_word' id='word_1_41' title='bbox 1015 433 1182 476; x_wconf 80' lang='lat' dir='ltr'>Adami</span> <span class='ocrx_word' id='word_1_42' title='bbox 1208 432 1410 489; x_wconf 83' lang='lat' dir='ltr'>exemplo</span> <span class='ocrx_word' id='word_1_43' title='bbox 1435 430 1495 473; x_wconf 75' lang='lat' dir='ltr'>:ul</span> 
     </span>
     <span class='ocr_line' id='line_1_6' title="bbox 29 487 1495 536; baseline -0.004 0"><span class='ocrx_word' id='word_1_44' title='bbox 29 492 195 536; x_wconf 73' lang='lat' dir='ltr'>edenda</span> <span class='ocrx_word' id='word_1_45' title='bbox 213 492 409 535; x_wconf 78' lang='lat' dir='ltr'>facinora</span> <span class='ocrx_word' id='word_1_46' title='bbox 432 492 634 534; x_wconf 82' lang='lat' dir='ltr'>irritatos</span> <span class='ocrx_word' id='word_1_47' title='bbox 655 505 754 532; x_wconf 86' lang='lat' dir='ltr'>esse</span> <span class='ocrx_word' id='word_1_48' title='bbox 778 490 829 534; x_wconf 88' lang='lat' dir='ltr'>P.</span> <span class='ocrx_word' id='word_1_49' title='bbox 850 491 894 536; x_wconf 86' lang='lat' dir='ltr'>h.</span> <span class='ocrx_word' id='word_1_50' title='bbox 913 492 946 535; x_wconf 84' lang='lat' dir='ltr'>l.</span> <span class='ocrx_word' id='word_1_51' title='bbox 967 490 1114 533; x_wconf 77' lang='lat' dir='ltr'>(licere</span> <span class='ocrx_word' id='word_1_52' title='bbox 1131 488 1381 531; x_wconf 77' lang='lat' dir='ltr'>ostendant.</span> <span class='ocrx_word' id='word_1_53' title='bbox 1435 487 1495 530; x_wconf 79' lang='lat' dir='ltr'>ld</span> 
     </span>
     <span class='ocr_line' id='line_1_7' title="bbox 30 544 1495 603; baseline -0.005 -9"><span class='ocrx_word' id='word_1_54' title='bbox 30 563 136 594; x_wconf 75' lang='lat' dir='ltr'>vero</span> <span class='ocrx_word' id='word_1_55' title='bbox 161 547 248 590; x_wconf 88' lang='lat' dir='ltr'>nisi</span> <span class='ocrx_word' id='word_1_56' title='bbox 276 545 347 603; x_wconf 80' lang='grc' dir='ltr'>ἐφ’</span> <span class='ocrx_word' id='word_1_57' title='bbox 378 563 392 587; x_wconf 73' lang='lat'><em>1</em></span> <span class='ocrx_word' id='word_1_58' title='bbox 444 551 490 589; x_wconf 84' lang='lat' dir='ltr'>et</span> <span class='ocrx_word' id='word_1_59' title='bbox 514 547 712 602; x_wconf 78' lang='grc' dir='ltr'><em>ἥμαρτον</em></span> <span class='ocrx_word' id='word_1_60' title='bbox 741 547 850 587; x_wconf 86' lang='lat' dir='ltr'>mire</span> <span class='ocrx_word' id='word_1_61' title='bbox 887 551 1262 602; x_wconf 75' lang='lat' dir='ltr'>contorqueantnr</span> <span class='ocrx_word' id='word_1_62' title='bbox 1297 544 1495 586; x_wconf 72' lang='lat' dir='ltr'>obtineri</span> 
     </span>
     <span class='ocr_line' id='line_1_8' title="bbox 29 599 1495 659; baseline -0.004 -11"><span class='ocrx_word' id='word_1_63' title='bbox 29 619 116 648; x_wconf 86' lang='lat' dir='ltr'>non</span> <span class='ocrx_word' id='word_1_64' title='bbox 173 607 304 647; x_wconf 77' lang='lat' dir='ltr'>otest.</span> <span class='ocrx_word' id='word_1_65' title='bbox 408 602 629 657; x_wconf 67' lang='lat' dir='ltr'>uqnstinus</span> <span class='ocrx_word' id='word_1_66' title='bbox 657 606 782 659; x_wconf 85' lang='lat' dir='ltr'>(post</span> <span class='ocrx_word' id='word_1_67' title='bbox 801 602 1038 657; x_wconf 83' lang='lat' dir='ltr'>Origenem</span> <span class='ocrx_word' id='word_1_68' title='bbox 1068 600 1122 644; x_wconf 85' lang='lat' dir='ltr'>ad</span> <span class='ocrx_word' id='word_1_69' title='bbox 1151 601 1194 645; x_wconf 86' lang='lat' dir='ltr'>h.</span> <span class='ocrx_word' id='word_1_70' title='bbox 1217 601 1248 645; x_wconf 88' lang='lat' dir='ltr'>l.</span> <span class='ocrx_word' id='word_1_71' title='bbox 1278 599 1347 644; x_wconf 87' lang='lat' dir='ltr'>ed.</span> <span class='ocrx_word' id='word_1_72' title='bbox 1375 601 1428 642; x_wconf 83' lang='lat' dir='ltr'>de</span> <span class='ocrx_word' id='word_1_73' title='bbox 1446 601 1495 642; x_wconf 77' lang='lat' dir='ltr'>Ia</span> 
     </span>
     <span class='ocr_line' id='line_1_9' title="bbox 28 617 1496 717; baseline -0.005 -12"><span class='ocrx_word' id='word_1_74' title='bbox 28 660 123 705; x_wconf 78' lang='lat' dir='ltr'>Rue</span> <span class='ocrx_word' id='word_1_75' title='bbox 139 617 229 713; x_wconf 56' lang='lat' dir='ltr'>fv,</span> <span class='ocrx_word' id='word_1_76' title='bbox 257 673 303 717; x_wconf 83' lang='lat' dir='ltr'>p.</span> <span class='ocrx_word' id='word_1_77' title='bbox 323 658 449 714; x_wconf 75' lang='lat'><strong>546.)</strong></span> <span class='ocrx_word' id='word_1_78' title='bbox 479 657 631 700; x_wconf 83' lang='lat' dir='ltr'>multis</span> <span class='ocrx_word' id='word_1_79' title='bbox 650 659 681 701; x_wconf 87' lang='lat' dir='ltr'>l.</span> <span class='ocrx_word' id='word_1_80' title='bbox 707 660 769 714; x_wconf 70' lang='grc' dir='ltr'><strong>(ν.</strong></span> <span class='ocrx_word' id='word_1_81' title='bbox 790 673 827 702; x_wconf 85' lang='lat' dir='ltr'>c.</span> <span class='ocrx_word' id='word_1_82' title='bbox 847 658 901 699; x_wconf 85' lang='lat' dir='ltr'>de</span> <span class='ocrx_word' id='word_1_83' title='bbox 920 673 975 700; x_wconf 96' lang='lat' dir='ltr'>nu</span> <span class='ocrx_word' id='word_1_84' title='bbox 995 658 1086 700; x_wconf 71' lang='lat' dir='ltr'>»tiis</span> <span class='ocrx_word' id='word_1_85' title='bbox 1114 664 1159 700; x_wconf 86' lang='lat' dir='ltr'>ot</span> <span class='ocrx_word' id='word_1_86' title='bbox 1181 655 1496 714; x_wconf 80' lang='lat' dir='ltr'>concupiscen-</span> 
     </span>
     <span class='ocr_line' id='line_1_10' title="bbox 28 674 1495 771; baseline -0.004 -10"><span class='ocrx_word' id='word_1_87' title='bbox 28 718 92 761; x_wconf 65' lang='lat' dir='ltr'>tia</span> <span class='ocrx_word' id='word_1_88' title='bbox 108 717 142 762; x_wconf 88' lang='lat' dir='ltr'>l.</span> <span class='ocrx_word' id='word_1_89' title='bbox 162 713 231 761; x_wconf 83' lang='lat' dir='ltr'>ll.</span> <span class='ocrx_word' id='word_1_90' title='bbox 259 729 298 760; x_wconf 82' lang='lat' dir='ltr'>c.</span> <span class='ocrx_word' id='word_1_91' title='bbox 318 715 362 760; x_wconf 82' lang='lat'>5.</span> <span class='ocrx_word' id='word_1_92' title='bbox 389 718 432 771; x_wconf 59' lang='grc' dir='ltr'><strong>ξ.</strong></span> <span class='ocrx_word' id='word_1_93' title='bbox 454 714 524 760; x_wconf 84' lang='grc'><strong>15.</strong></span> <span class='ocrx_word' id='word_1_94' title='bbox 552 711 641 756; x_wconf 89' lang='lat' dir='ltr'>Per</span> <span class='ocrx_word' id='word_1_95' title='bbox 666 715 798 758; x_wconf 82' lang='lat' dir='ltr'>nnius</span> <span class='ocrx_word' id='word_1_96' title='bbox 825 714 949 758; x_wconf 84' lang='lat' dir='ltr'>illius</span> <span class='ocrx_word' id='word_1_97' title='bbox 981 674 1189 771; x_wconf 58' lang='lat' dir='ltr'>[Adanu]</span> <span class='ocrx_word' id='word_1_98' title='bbox 1221 714 1495 756; x_wconf 62' lang='lat' dir='ltr'>voluntatem</span> 
     </span>
     <span class='ocr_line' id='line_1_11' title="bbox 26 769 1495 829; baseline -0.003 -12"><span class='ocrx_word' id='word_1_99' title='bbox 26 773 185 817; x_wconf 81' lang='lat' dir='ltr'>malam</span> <span class='ocrx_word' id='word_1_100' title='bbox 205 787 355 815; x_wconf 82' lang='lat' dir='ltr'>omnes</span> <span class='ocrx_word' id='word_1_101' title='bbox 376 773 421 814; x_wconf 76' lang='lat' dir='ltr'>in</span> <span class='ocrx_word' id='word_1_102' title='bbox 437 784 483 814; x_wconf 86' lang='lat' dir='ltr'>eo</span> <span class='ocrx_word' id='word_1_103' title='bbox 501 776 790 829; x_wconf 82' lang='lat' dir='ltr'>peccaverunt</span> <span class='ocrx_word' id='word_1_104' title='bbox 809 769 984 828; x_wconf 84' lang='lat' dir='ltr'>quando</span> <span class='ocrx_word' id='word_1_105' title='bbox 1003 784 1146 813; x_wconf 73' lang='lat' dir='ltr'>omnes</span> <span class='ocrx_word' id='word_1_106' title='bbox 1163 771 1234 813; x_wconf 67' lang='lat' dir='ltr'>ille</span> <span class='ocrx_word' id='word_1_107' title='bbox 1260 784 1366 812; x_wconf 66' lang='lat' dir='ltr'>emm</span> <span class='ocrx_word' id='word_1_108' title='bbox 1393 769 1495 827; x_wconf 66' lang='lat' dir='ltr'><em>1¹3⁴oe-</em></span> 
     </span>
     <span class='ocr_line' id='line_1_12' title="bbox 23 827 1497 887; baseline -0.003 -13"><span class='ocrx_word' id='word_1_109' title='bbox 23 835 153 884; x_wconf 78' lang='lat' dir='ltr'>runt,</span> <span class='ocrx_word' id='word_1_110' title='bbox 188 828 243 872; x_wconf 85' lang='lat' dir='ltr'>de</span> <span class='ocrx_word' id='word_1_111' title='bbox 271 843 358 886; x_wconf 82' lang='lat' dir='ltr'>quo</span> <span class='ocrx_word' id='word_1_112' title='bbox 385 834 617 887; x_wconf 77' lang='lat' dir='ltr'>propterea</span> <span class='ocrx_word' id='word_1_113' title='bbox 649 828 816 884; x_wconf 83' lang='lat' dir='ltr'>singuli</span> <span class='ocrx_word' id='word_1_114' title='bbox 846 833 1067 886; x_wconf 82' lang='lat' dir='ltr'>peccatum</span> <span class='ocrx_word' id='word_1_115' title='bbox 1099 827 1314 883; x_wconf 76' lang='lat' dir='ltr'>originale</span> <span class='ocrx_word' id='word_1_116' title='bbox 1341 831 1497 869; x_wconf 65' lang='lat' dir='ltr'>traxe-</span> 
     </span>
     <span class='ocr_line' id='line_1_13' title="bbox 25 884 1497 944; baseline -0.002 -15"><span class='ocrx_word' id='word_1_117' title='bbox 25 890 148 932; x_wconf 86' lang='lat' dir='ltr'>runt.</span> <span class='ocrx_word' id='word_1_118' title='bbox 203 885 292 944; x_wconf 86' lang='lat' dir='ltr'>op.</span> <span class='ocrx_word' id='word_1_119' title='bbox 321 886 496 944; x_wconf 78' lang='lat' dir='ltr'>imperf.</span> <span class='ocrx_word' id='word_1_120' title='bbox 522 899 560 930; x_wconf 82' lang='lat' dir='ltr'>o.</span> <span class='ocrx_word' id='word_1_121' title='bbox 580 884 675 930; x_wconf 87' lang='lat' dir='ltr'>Jul.</span> <span class='ocrx_word' id='word_1_122' title='bbox 704 886 737 930; x_wconf 90' lang='lat' dir='ltr'>l.</span> <span class='ocrx_word' id='word_1_123' title='bbox 757 885 809 938; x_wconf 85' lang='lat'>5,</span> <span class='ocrx_word' id='word_1_124' title='bbox 838 899 876 931; x_wconf 84' lang='lat' dir='ltr'>c.</span> <span class='ocrx_word' id='word_1_125' title='bbox 899 885 969 930; x_wconf 86' lang='lat'>12.</span> <span class='ocrx_word' id='word_1_126' title='bbox 1039 884 1115 927; x_wconf 80' lang='lat' dir='ltr'>Sic</span> <span class='ocrx_word' id='word_1_127' title='bbox 1151 884 1267 926; x_wconf 82' lang='lat' dir='ltr'>enim</span> <span class='ocrx_word' id='word_1_128' title='bbox 1312 884 1497 926; x_wconf 74' lang='lat' dir='ltr'>suerunt</span> 
     </span>
     <span class='ocr_line' id='line_1_14' title="bbox 25 939 1497 997; baseline -0.001 -11"><span class='ocrx_word' id='word_1_129' title='bbox 25 957 180 986; x_wconf 82' lang='lat' dir='ltr'>omnes</span> <span class='ocrx_word' id='word_1_130' title='bbox 206 943 381 986; x_wconf 82' lang='lat' dir='ltr'>ratione</span> <span class='ocrx_word' id='word_1_131' title='bbox 407 941 592 986; x_wconf 87' lang='lat' dir='ltr'>seminis</span> <span class='ocrx_word' id='word_1_132' title='bbox 620 942 666 984; x_wconf 75' lang='lat' dir='ltr'>in</span> <span class='ocrx_word' id='word_1_133' title='bbox 693 942 846 985; x_wconf 77' lang='lat' dir='ltr'>lumbis</span> <span class='ocrx_word' id='word_1_134' title='bbox 862 941 1039 995; x_wconf 71' lang='grc' dir='ltr'><em>Αάαηιὶ,</em></span> <span class='ocrx_word' id='word_1_135' title='bbox 1065 940 1237 997; x_wconf 73' lang='lat' dir='ltr'>quando</span> <span class='ocrx_word' id='word_1_136' title='bbox 1258 939 1497 984; x_wconf 62' lang='lat' dir='ltr'>damnamus</span> 
     </span>
     <span class='ocr_line' id='line_1_15' title="bbox 26 997 1497 1055; baseline -0.002 -13"><span class='ocrx_word' id='word_1_137' title='bbox 26 1003 99 1042; x_wconf 85' lang='lat' dir='ltr'>est</span> <span class='ocrx_word' id='word_1_138' title='bbox 115 1005 158 1043; x_wconf 86' lang='lat' dir='ltr'>et</span> <span class='ocrx_word' id='word_1_139' title='bbox 177 999 268 1042; x_wconf 78' lang='lat' dir='ltr'>ideo</span> <span class='ocrx_word' id='word_1_140' title='bbox 284 999 376 1042; x_wconf 71' lang='lat' dir='ltr'>sine</span> <span class='ocrx_word' id='word_1_141' title='bbox 399 999 488 1044; x_wconf 72' lang='lat' dir='ltr'>illis</span> <span class='ocrx_word' id='word_1_142' title='bbox 515 999 748 1043; x_wconf 64' lang='lat' dir='ltr'>damnastis</span> <span class='ocrx_word' id='word_1_143' title='bbox 770 1013 854 1041; x_wconf 77' lang='lat' dir='ltr'>non</span> <span class='ocrx_word' id='word_1_144' title='bbox 884 1003 972 1052; x_wconf 80' lang='lat' dir='ltr'>est,</span> <span class='ocrx_word' id='word_1_145' title='bbox 1002 997 1365 1055; x_wconf 79' lang='lat' dir='ltr'><strong>quemadmodum</strong></span> <span class='ocrx_word' id='word_1_146' title='bbox 1393 999 1497 1040; x_wconf 77' lang='lat' dir='ltr'>fiue-</span> 
     </span>
     <span class='ocr_line' id='line_1_16' title="bbox 25 1054 1497 1112; baseline -0.003 -12"><span class='ocrx_word' id='word_1_147' title='bbox 25 1060 133 1100; x_wconf 84' lang='lat' dir='ltr'>runt</span> <span class='ocrx_word' id='word_1_148' title='bbox 151 1055 390 1100; x_wconf 68' lang='lat' dir='ltr'>israelitae</span> <span class='ocrx_word' id='word_1_149' title='bbox 418 1055 464 1099; x_wconf 88' lang='lat' dir='ltr'>in</span> <span class='ocrx_word' id='word_1_150' title='bbox 485 1055 650 1099; x_wconf 86' lang='lat' dir='ltr'>lumbis</span> <span class='ocrx_word' id='word_1_151' title='bbox 669 1055 910 1109; x_wconf 79' lang='lat' dir='ltr'><strong>Abrahae,</strong></span> <span class='ocrx_word' id='word_1_152' title='bbox 949 1054 1122 1112; x_wconf 79' lang='lat' dir='ltr'>quando</span> <span class='ocrx_word' id='word_1_153' title='bbox 1150 1054 1392 1097; x_wconf 83' lang='lat' dir='ltr'>decimatus</span> <span class='ocrx_word' id='word_1_154' title='bbox 1425 1058 1497 1097; x_wconf 81' lang='lat' dir='ltr'>est</span> 
     </span>
     <span class='ocr_line' id='line_1_17' title="bbox 26 1109 1498 1169; baseline -0.002 -13"><span class='ocrx_word' id='word_1_155' title='bbox 26 1118 73 1157; x_wconf 83' lang='lat' dir='ltr'>et</span> <span class='ocrx_word' id='word_1_156' title='bbox 99 1111 197 1156; x_wconf 85' lang='lat' dir='ltr'>ideo</span> <span class='ocrx_word' id='word_1_157' title='bbox 221 1113 317 1157; x_wconf 87' lang='lat' dir='ltr'>sine</span> <span class='ocrx_word' id='word_1_158' title='bbox 345 1112 440 1161; x_wconf 84' lang='lat' dir='ltr'>illis</span> <span class='ocrx_word' id='word_1_159' title='bbox 466 1111 706 1156; x_wconf 81' lang='lat' dir='ltr'>decimatus</span> <span class='ocrx_word' id='word_1_160' title='bbox 725 1126 811 1155; x_wconf 90' lang='lat' dir='ltr'>non</span> <span class='ocrx_word' id='word_1_161' title='bbox 830 1116 915 1157; x_wconf 82' lang='lat' dir='ltr'>est.</span> <span class='ocrx_word' id='word_1_162' title='bbox 973 1113 1135 1156; x_wconf 77' lang='lat' dir='ltr'>Contra</span> <span class='ocrx_word' id='word_1_163' title='bbox 1155 1111 1265 1154; x_wconf 82' lang='lat' dir='ltr'>duas</span> <span class='ocrx_word' id='word_1_164' title='bbox 1284 1126 1385 1169; x_wconf 87' lang='lat' dir='ltr'>epp.</span> <span class='ocrx_word' id='word_1_165' title='bbox 1405 1109 1498 1155; x_wconf 69' lang='grc' dir='ltr'>1Ρο-</span> 
     </span>
     <span class='ocr_line' id='line_1_18' title="bbox 23 1168 1498 1226; baseline -0.002 -13"><span class='ocrx_word' id='word_1_166' title='bbox 23 1170 301 1226; x_wconf 79' lang='lat' dir='ltr'>lagianorum</span> <span class='ocrx_word' id='word_1_167' title='bbox 321 1169 355 1214; x_wconf 89' lang='lat' dir='ltr'>l.</span> <span class='ocrx_word' id='word_1_168' title='bbox 374 1170 419 1214; x_wconf 78' lang='lat'>4.</span> <span class='ocrx_word' id='word_1_169' title='bbox 450 1184 489 1214; x_wconf 88' lang='lat' dir='ltr'>c.</span> <span class='ocrx_word' id='word_1_170' title='bbox 509 1170 554 1214; x_wconf 79' lang='lat'>4.</span> <span class='ocrx_word' id='word_1_171' title='bbox 583 1171 627 1224; x_wconf 62' lang='grc' dir='ltr'><strong>ξ.</strong></span> <span class='ocrx_word' id='word_1_172' title='bbox 646 1170 690 1213; x_wconf 92' lang='grc'>7.</span> <span class='ocrx_word' id='word_1_173' title='bbox 707 1168 777 1214; x_wconf 88' lang='lat' dir='ltr'>ed.</span> <span class='ocrx_word' id='word_1_174' title='bbox 795 1168 1022 1214; x_wconf 85' lang='lat' dir='ltr'>Benedict.</span> <span class='ocrx_word' id='word_1_175' title='bbox 1040 1168 1099 1214; x_wconf 88' lang='grc' dir='ltr'>Τ.</span> <span class='ocrx_word' id='word_1_176' title='bbox 1120 1169 1201 1223; x_wconf 79' lang='lat' dir='ltr'>X.)</span> <span class='ocrx_word' id='word_1_177' title='bbox 1233 1169 1498 1210; x_wconf 62' lang='lat' dir='ltr'>translatio-</span> 
     </span>
     <span class='ocr_line' id='line_1_19' title="bbox 25 1224 1497 1285; baseline 0.001 -16"><span class='ocrx_word' id='word_1_178' title='bbox 25 1240 84 1270; x_wconf 77' lang='lat' dir='ltr'>no</span> <span class='ocrx_word' id='word_1_179' title='bbox 111 1226 252 1269; x_wconf 60' lang='lat' dir='ltr'>latina</span> <span class='ocrx_word' id='word_1_180' title='bbox 280 1241 433 1284; x_wconf 78' lang='lat' dir='ltr'>parum</span> <span class='ocrx_word' id='word_1_181' title='bbox 463 1226 688 1269; x_wconf 64' lang='lat' dir='ltr'>intellecta</span> <span class='ocrx_word' id='word_1_182' title='bbox 719 1227 782 1281; x_wconf 89' lang='lat' dir='ltr'>(v.</span> <span class='ocrx_word' id='word_1_183' title='bbox 808 1227 964 1285; x_wconf 80' lang='lat' dir='ltr'>supra)</span> <span class='ocrx_word' id='word_1_184' title='bbox 993 1230 1038 1269; x_wconf 81' lang='lat' dir='ltr'>et</span> <span class='ocrx_word' id='word_1_185' title='bbox 1064 1227 1097 1270; x_wconf 91' lang='lat' dir='ltr'>l.</span> <span class='ocrx_word' id='word_1_186' title='bbox 1119 1225 1329 1268; x_wconf 82' lang='lat' dir='ltr'>dissimili</span> <span class='ocrx_word' id='word_1_187' title='bbox 1349 1224 1497 1270; x_wconf 71' lang='lat' dir='ltr'>Hohr.</span> 
     </span>
     <span class='ocr_line' id='line_1_20' title="bbox 24 1277 1498 1340; baseline -0.001 -14"><span class='ocrx_word' id='word_1_188' title='bbox 24 1283 227 1337; x_wconf 48' lang='lat' dir='ltr'>7,1-‚10.in</span> <span class='ocrx_word' id='word_1_189' title='bbox 254 1298 449 1326; x_wconf 86' lang='lat' dir='ltr'>errorem</span> <span class='ocrx_word' id='word_1_190' title='bbox 479 1283 692 1340; x_wconf 79' lang='lat' dir='ltr'>abreptus</span> <span class='ocrx_word' id='word_1_191' title='bbox 712 1279 790 1339; x_wconf 77' lang='grc' dir='ltr'>ἐφ’</span> <span class='ocrx_word' id='word_1_192' title='bbox 815 1277 851 1340; x_wconf 76' lang='grc' dir='ltr'><em>ᾦ</em></span> <span class='ocrx_word' id='word_1_193' title='bbox 883 1282 939 1326; x_wconf 81' lang='lat' dir='ltr'>ad</span> <span class='ocrx_word' id='word_1_194' title='bbox 957 1298 998 1328; x_wconf 86' lang='lat' dir='ltr'>v.</span> <span class='ocrx_word' id='word_1_195' title='bbox 1020 1281 1082 1325; x_wconf 73' lang='grc' dir='ltr'>δι’</span> <span class='ocrx_word' id='word_1_196' title='bbox 1114 1280 1212 1332; x_wconf 70' lang='grc' dir='ltr'>ἑνὸς</span> <span class='ocrx_word' id='word_1_197' title='bbox 1246 1279 1498 1340; x_wconf 68' lang='grc' dir='ltr'>ἀνθρώπου</span> 
     </span>
     <span class='ocr_line' id='line_1_21' title="bbox 25 1338 1498 1397; baseline -0.002 -14"><span class='ocrx_word' id='word_1_198' title='bbox 25 1339 206 1383; x_wconf 72' lang='lat' dir='ltr'>rettudit</span> <span class='ocrx_word' id='word_1_199' title='bbox 232 1340 277 1385; x_wconf 88' lang='lat' dir='ltr'>h.</span> <span class='ocrx_word' id='word_1_200' title='bbox 300 1355 362 1385; x_wconf 77' lang='lat' dir='ltr'>s-:</span> <span class='ocrx_word' id='word_1_201' title='bbox 397 1341 443 1383; x_wconf 77' lang='lat' dir='ltr'>in</span> <span class='ocrx_word' id='word_1_202' title='bbox 470 1354 550 1397; x_wconf 76' lang='lat' dir='ltr'>quo</span> <span class='ocrx_word' id='word_1_203' title='bbox 574 1338 796 1395; x_wconf 83' lang='lat' dir='ltr'>(Adamo)</span> <span class='ocrx_word' id='word_1_204' title='bbox 825 1354 969 1382; x_wconf 78' lang='lat' dir='ltr'>omnes</span> <span class='ocrx_word' id='word_1_205' title='bbox 991 1345 1224 1395; x_wconf 78' lang='lat' dir='ltr'>peccarunt</span> <span class='ocrx_word' id='word_1_206' title='bbox 1252 1339 1284 1383; x_wconf 88' lang='lat' dir='ltr'>i.</span> <span class='ocrx_word' id='word_1_207' title='bbox 1304 1353 1343 1382; x_wconf 79' lang='lat' dir='ltr'>e.</span> <span class='ocrx_word' id='word_1_208' title='bbox 1374 1338 1498 1396; x_wconf 61' lang='lat' dir='ltr'>quod</span> 
     </span>
     <span class='ocr_line' id='line_1_22' title="bbox 26 1394 1498 1454; baseline -0.003 -14"><span class='ocrx_word' id='word_1_209' title='bbox 26 1410 203 1450; x_wconf 83' lang='lat' dir='ltr'>omnes,</span> <span class='ocrx_word' id='word_1_210' title='bbox 251 1397 415 1454; x_wconf 84' lang='lat' dir='ltr'>quippe</span> <span class='ocrx_word' id='word_1_211' title='bbox 444 1394 614 1440; x_wconf 83' lang='lat' dir='ltr'>Adami</span> <span class='ocrx_word' id='word_1_212' title='bbox 639 1396 803 1438; x_wconf 88' lang='lat' dir='ltr'>lumbis</span> <span class='ocrx_word' id='word_1_213' title='bbox 831 1396 1016 1449; x_wconf 88' lang='lat' dir='ltr'>inclusi,</span> <span class='ocrx_word' id='word_1_214' title='bbox 1060 1401 1152 1437; x_wconf 82' lang='lat' dir='ltr'>tum</span> <span class='ocrx_word' id='word_1_215' title='bbox 1189 1400 1498 1452; x_wconf 73' lang='lat' dir='ltr'>peceaverunt,</span> 
     </span>
    </p>

    <p class='ocr_par' dir='ltr' id='par_1_3' title="bbox 24 1450 1499 1735">
     <span class='ocr_line' id='line_1_23' title="bbox 89 1450 1499 1511; baseline -0.001 -16"><span class='ocrx_word' id='word_1_216' title='bbox 89 1468 162 1496; x_wconf 90' lang='lat' dir='ltr'>um</span> <span class='ocrx_word' id='word_1_217' title='bbox 181 1458 385 1511; x_wconf 78' lang='lat' dir='ltr'><strong>peccaret</strong></span> <span class='ocrx_word' id='word_1_218' title='bbox 403 1453 624 1497; x_wconf 80' lang='lat' dir='ltr'>Adamus.</span> <span class='ocrx_word' id='word_1_219' title='bbox 683 1452 767 1496; x_wconf 84' lang='lat' dir='ltr'>Cui</span> <span class='ocrx_word' id='word_1_220' title='bbox 793 1452 1012 1495; x_wconf 78' lang='lat' dir='ltr'>absurdae</span> <span class='ocrx_word' id='word_1_221' title='bbox 1043 1453 1240 1510; x_wconf 86' lang='lat' dir='ltr'>opinioni</span> <span class='ocrx_word' id='word_1_222' title='bbox 1268 1457 1316 1493; x_wconf 88' lang='lat' dir='ltr'>ut</span> <span class='ocrx_word' id='word_1_223' title='bbox 1345 1453 1393 1494; x_wconf 79' lang='lat' dir='ltr'>in</span> <span class='ocrx_word' id='word_1_224' title='bbox 1413 1450 1499 1495; x_wconf 75' lang='lat' dir='ltr'>Ca-</span> 
     </span>
     <span class='ocr_line' id='line_1_24' title="bbox 24 1509 1497 1566; baseline -0.002 -13"><span class='ocrx_word' id='word_1_225' title='bbox 24 1515 45 1553; x_wconf 80' lang='lat' dir='ltr'>t</span> <span class='ocrx_word' id='word_1_226' title='bbox 78 1510 289 1553; x_wconf 80' lang='lat' dir='ltr'>olieorum</span> <span class='ocrx_word' id='word_1_227' title='bbox 307 1510 493 1552; x_wconf 64' lang='lat' dir='ltr'>ecclesia</span> <span class='ocrx_word' id='word_1_228' title='bbox 511 1509 756 1551; x_wconf 84' lang='lat' dir='ltr'>reverentia</span> <span class='ocrx_word' id='word_1_229' title='bbox 778 1513 1085 1565; x_wconf 78' lang='lat' dir='ltr'>praestaretur</span> <span class='ocrx_word' id='word_1_230' title='bbox 1111 1510 1202 1564; x_wconf 85' lang='lat' dir='ltr'>(vel</span> <span class='ocrx_word' id='word_1_231' title='bbox 1228 1523 1372 1566; x_wconf 80' lang='lat' dir='ltr'>nuper</span> <span class='ocrx_word' id='word_1_232' title='bbox 1400 1523 1497 1551; x_wconf 79' lang='lat' dir='ltr'>eam</span> 
     </span>
     <span class='ocr_line' id='line_1_25' title="bbox 26 1565 1496 1625; baseline -0.001 -16"><span class='ocrx_word' id='word_1_233' title='bbox 26 1566 231 1625; x_wconf 77' lang='lat' dir='ltr'>probavit</span> <span class='ocrx_word' id='word_1_234' title='bbox 249 1565 380 1622; x_wconf 81' lang='lat' dir='ltr'>Klee)</span> <span class='ocrx_word' id='word_1_235' title='bbox 410 1565 709 1610; x_wconf 69' lang='lat' dir='ltr'>Consiliorum</span> <span class='ocrx_word' id='word_1_236' title='bbox 740 1579 954 1617; x_wconf 74' lang='lat' dir='ltr'>canones,</span> <span class='ocrx_word' id='word_1_237' title='bbox 998 1566 1252 1622; x_wconf 79' lang='lat' dir='ltr'>pontificum</span> <span class='ocrx_word' id='word_1_238' title='bbox 1291 1580 1496 1608; x_wconf 82' lang='lat' dir='ltr'>romano-</span> 
     </span>
     <span class='ocr_line' id='line_1_26' title="bbox 25 1621 1497 1680; baseline -0.001 -14"><span class='ocrx_word' id='word_1_239' title='bbox 25 1638 127 1666; x_wconf 81' lang='lat' dir='ltr'>rum</span> <span class='ocrx_word' id='word_1_240' title='bbox 145 1622 321 1666; x_wconf 78' lang='lat' dir='ltr'>decreta</span> <span class='ocrx_word' id='word_1_241' title='bbox 340 1628 385 1665; x_wconf 86' lang='lat' dir='ltr'>et</span> <span class='ocrx_word' id='word_1_242' title='bbox 402 1623 715 1680; x_wconf 80' lang='lat' dir='ltr'>imperatorum</span> <span class='ocrx_word' id='word_1_243' title='bbox 738 1621 864 1676; x_wconf 87' lang='lat' dir='ltr'>leges</span> <span class='ocrx_word' id='word_1_244' title='bbox 892 1622 1113 1673; x_wconf 77' lang='lat' dir='ltr'>fecerunt3</span> <span class='ocrx_word' id='word_1_245' title='bbox 1141 1622 1188 1663; x_wconf 87' lang='lat' dir='ltr'>in</span> <span class='ocrx_word' id='word_1_246' title='bbox 1206 1621 1497 1675; x_wconf 70' lang='lat' dir='ltr'>Evangelioo-</span> 
     </span>
     <span class='ocr_line' id='line_1_27' title="bbox 27 1678 1498 1735; baseline 0 -13"><span class='ocrx_word' id='word_1_247' title='bbox 27 1694 126 1723; x_wconf 82' lang='lat' dir='ltr'>rum</span> <span class='ocrx_word' id='word_1_248' title='bbox 143 1679 342 1723; x_wconf 83' lang='lat' dir='ltr'>coetibus</span> <span class='ocrx_word' id='word_1_249' title='bbox 360 1679 512 1723; x_wconf 82' lang='lat' dir='ltr'>Bezae</span> <span class='ocrx_word' id='word_1_250' title='bbox 531 1681 579 1722; x_wconf 81' lang='lat' dir='ltr'>et</span> <span class='ocrx_word' id='word_1_251' title='bbox 597 1678 757 1722; x_wconf 68' lang='lat' dir='ltr'>Galovio&#39;</span> <span class='ocrx_word' id='word_1_252' title='bbox 773 1678 1015 1722; x_wconf 79' lang='lat' dir='ltr'>auctoritas</span> <span class='ocrx_word' id='word_1_253' title='bbox 1038 1683 1205 1722; x_wconf 78' lang='lat' dir='ltr'>tantam</span> <span class='ocrx_word' id='word_1_254' title='bbox 1235 1679 1278 1721; x_wconf 89' lang='lat' dir='ltr'>ei</span> <span class='ocrx_word' id='word_1_255' title='bbox 1302 1678 1498 1735; x_wconf 75' lang='lat' dir='ltr'>dignita-</span> 
     </span>
    </p>
   </div>
   <div class='ocr_carea' id='block_1_3' title="bbox 91 1859 1516 2825">
    <p class='ocr_par' dir='ltr' id='par_1_4' title="bbox 91 1859 1516 2825">
     <span class='ocr_line' id='line_1_28' title="bbox 116 1859 1497 1906; baseline -0.001 -7"><span class='ocrx_word' id='word_1_256' title='bbox 116 1864 217 1899; x_wconf 85' lang='lat' dir='ltr'>labes</span> <span class='ocrx_word' id='word_1_257' title='bbox 235 1864 279 1899; x_wconf 87' lang='lat' dir='ltr'>ad</span> <span class='ocrx_word' id='word_1_258' title='bbox 299 1875 368 1898; x_wconf 75' lang='lat' dir='ltr'>nos</span> <span class='ocrx_word' id='word_1_259' title='bbox 385 1862 562 1897; x_wconf 81' lang='lat' dir='ltr'>transfusa</span> <span class='ocrx_word' id='word_1_260' title='bbox 579 1867 785 1906; x_wconf 74' lang='lat' dir='ltr'>remaneat,</span> <span class='ocrx_word' id='word_1_261' title='bbox 811 1861 1014 1896; x_wconf 81' lang='lat' dir='ltr'>immortale</span> <span class='ocrx_word' id='word_1_262' title='bbox 1033 1859 1138 1894; x_wconf 82' lang='lat' dir='ltr'>nobis</span> <span class='ocrx_word' id='word_1_263' title='bbox 1156 1871 1223 1906; x_wconf 83' lang='lat' dir='ltr'>pro</span> <span class='ocrx_word' id='word_1_264' title='bbox 1242 1862 1388 1896; x_wconf 76' lang='lat' dir='ltr'>mortali</span> <span class='ocrx_word' id='word_1_265' title='bbox 1408 1874 1497 1898; x_wconf 74' lang='lat' dir='ltr'>eor-</span> 
     </span>
     <span class='ocr_line' id='line_1_29' title="bbox 118 1906 1496 1958; baseline -0.001 -14"><span class='ocrx_word' id='word_1_266' title='bbox 118 1923 188 1958; x_wconf 78' lang='lat' dir='ltr'>pus</span> <span class='ocrx_word' id='word_1_267' title='bbox 201 1911 319 1944; x_wconf 86' lang='lat' dir='ltr'>detur.</span> <span class='ocrx_word' id='word_1_268' title='bbox 367 1908 481 1953; x_wconf 85' lang='lat' dir='ltr'>Hujus</span> <span class='ocrx_word' id='word_1_269' title='bbox 499 1920 583 1942; x_wconf 84' lang='lat' dir='ltr'>vero</span> <span class='ocrx_word' id='word_1_270' title='bbox 603 1907 786 1947; x_wconf 76' lang='lat' dir='ltr'>Christus.</span> <span class='ocrx_word' id='word_1_271' title='bbox 809 1909 979 1942; x_wconf 77' lang='lat' dir='ltr'>caelestis</span> <span class='ocrx_word' id='word_1_272' title='bbox 995 1906 1175 1946; x_wconf 79' lang='lat' dir='ltr'>Adamus,</span> <span class='ocrx_word' id='word_1_273' title='bbox 1202 1906 1268 1952; x_wconf 81' lang='lat' dir='ltr'>piis</span> <span class='ocrx_word' id='word_1_274' title='bbox 1293 1907 1368 1942; x_wconf 83' lang='lat' dir='ltr'>suis</span> <span class='ocrx_word' id='word_1_275' title='bbox 1396 1921 1496 1942; x_wconf 81' lang='lat' dir='ltr'>asse-</span> 
     </span>
     <span class='ocr_line' id='line_1_30' title="bbox 119 1950 1493 1999; baseline -0.005 -9"><span class='ocrx_word' id='word_1_276' title='bbox 119 1955 320 1991; x_wconf 82' lang='lat' dir='ltr'>ctatoribus</span> <span class='ocrx_word' id='word_1_277' title='bbox 345 1953 389 1987; x_wconf 86' lang='lat' dir='ltr'>de</span> <span class='ocrx_word' id='word_1_278' title='bbox 419 1952 520 1988; x_wconf 83' lang='lat' dir='ltr'>caelo</span> <span class='ocrx_word' id='word_1_279' title='bbox 547 1964 715 1988; x_wconf 82' lang='lat' dir='ltr'>reversus</span> <span class='ocrx_word' id='word_1_280' title='bbox 739 1953 880 1999; x_wconf 84' lang='lat' dir='ltr'>copiam</span> <span class='ocrx_word' id='word_1_281' title='bbox 907 1952 1099 1997; x_wconf 81' lang='lat' dir='ltr'>aliquando</span> <span class='ocrx_word' id='word_1_282' title='bbox 1123 1950 1252 1995; x_wconf 82' lang='lat' dir='ltr'>saciet,</span> <span class='ocrx_word' id='word_1_283' title='bbox 1278 1958 1317 1986; x_wconf 82' lang='lat' dir='ltr'>ut</span> <span class='ocrx_word' id='word_1_284' title='bbox 1336 1955 1493 1988; x_wconf 80' lang='lat' dir='ltr'>immor-</span> 
     </span>
     <span class='ocr_line' id='line_1_31' title="bbox 121 1997 1493 2044; baseline -0.001 -9"><span class='ocrx_word' id='word_1_285' title='bbox 121 2003 217 2035; x_wconf 76' lang='lat' dir='ltr'>tales</span> <span class='ocrx_word' id='word_1_286' title='bbox 249 1999 482 2044; x_wconf 81' lang='lat' dir='ltr'>caelestisque</span> <span class='ocrx_word' id='word_1_287' title='bbox 509 1998 642 2032; x_wconf 84' lang='lat' dir='ltr'>Adami</span> <span class='ocrx_word' id='word_1_288' title='bbox 669 1997 801 2032; x_wconf 77' lang='lat' dir='ltr'>similes</span> <span class='ocrx_word' id='word_1_289' title='bbox 832 1998 963 2032; x_wconf 75' lang='lat' dir='ltr'>redditi</span> <span class='ocrx_word' id='word_1_290' title='bbox 999 2000 1253 2032; x_wconf 78' lang='lat' dir='ltr'>immortalem</span> <span class='ocrx_word' id='word_1_291' title='bbox 1286 2003 1323 2032; x_wconf 77' lang='lat' dir='ltr'>et:</span> <span class='ocrx_word' id='word_1_292' title='bbox 1355 2000 1493 2036; x_wconf 79' lang='lat' dir='ltr'>beatam</span> 
     </span>
     <span class='ocr_line' id='line_1_32' title="bbox 120 2043 1493 2090; baseline -0.002 -10"><span class='ocrx_word' id='word_1_293' title='bbox 120 2047 233 2083; x_wconf 73' lang='lat' dir='ltr'>vitam</span> <span class='ocrx_word' id='word_1_294' title='bbox 249 2046 341 2079; x_wconf 85' lang='lat' dir='ltr'>inire</span> <span class='ocrx_word' id='word_1_295' title='bbox 366 2043 505 2089; x_wconf 75' lang='lat' dir='ltr'>possint</span> <span class='ocrx_word' id='word_1_296' title='bbox 529 2044 566 2088; x_wconf 88' lang='lat' dir='ltr'>(l</span> <span class='ocrx_word' id='word_1_297' title='bbox 588 2044 673 2080; x_wconf 83' lang='lat' dir='ltr'>Cor.</span> <span class='ocrx_word' id='word_1_298' title='bbox 696 2043 750 2090; x_wconf 86' lang='lat'>15,</span> <span class='ocrx_word' id='word_1_299' title='bbox 768 2044 825 2078; x_wconf 81' lang='lat'>49.</span> <span class='ocrx_word' id='word_1_300' title='bbox 844 2057 898 2089; x_wconf 79' lang='lat' dir='ltr'>sq.</span> <span class='ocrx_word' id='word_1_301' title='bbox 925 2045 947 2078; x_wconf 71' lang='lat'>‘2</span> <span class='ocrx_word' id='word_1_302' title='bbox 967 2045 1052 2078; x_wconf 86' lang='lat' dir='ltr'>Cor.</span> <span class='ocrx_word' id='word_1_303' title='bbox 1072 2044 1104 2086; x_wconf 82' lang='lat'>5,</span> <span class='ocrx_word' id='word_1_304' title='bbox 1124 2045 1156 2078; x_wconf 84' lang='lat'>1.</span> <span class='ocrx_word' id='word_1_305' title='bbox 1174 2056 1226 2089; x_wconf 89' lang='lat' dir='ltr'>sq.</span> <span class='ocrx_word' id='word_1_306' title='bbox 1252 2043 1363 2079; x_wconf 80' lang='lat' dir='ltr'>Rom.</span> <span class='ocrx_word' id='word_1_307' title='bbox 1384 2045 1418 2086; x_wconf 85' lang='lat'>8,</span> <span class='ocrx_word' id='word_1_308' title='bbox 1437 2048 1493 2082; x_wconf 73' lang='grc'>29,</span> 
     </span>
     <span class='ocr_line' id='line_1_33' title="bbox 117 2089 1495 2137; baseline 0 -10"><span class='ocrx_word' id='word_1_309' title='bbox 117 2091 381 2134; x_wconf 75' lang='lat' dir='ltr'>Phil.3‚21.).”</span> <span class='ocrx_word' id='word_1_310' title='bbox 423 2090 505 2124; x_wconf 85' lang='lat' dir='ltr'>Hoc</span> <span class='ocrx_word' id='word_1_311' title='bbox 522 2095 628 2135; x_wconf 82' lang='lat' dir='ltr'>pacto</span> <span class='ocrx_word' id='word_1_312' title='bbox 644 2090 804 2124; x_wconf 85' lang='lat' dir='ltr'>Adamus</span> <span class='ocrx_word' id='word_1_313' title='bbox 822 2096 1051 2137; x_wconf 79' lang='lat' dir='ltr'>peccatorum</span> <span class='ocrx_word' id='word_1_314' title='bbox 1073 2103 1091 2124; x_wconf 85' lang='lat' dir='ltr'>a</span> <span class='ocrx_word' id='word_1_315' title='bbox 1111 2089 1260 2135; x_wconf 76' lang='lat' dir='ltr'>posteris</span> <span class='ocrx_word' id='word_1_316' title='bbox 1275 2091 1495 2127; x_wconf 77' lang='lat' dir='ltr'>commisso-</span> 
     </span>
     <span class='ocr_line' id='line_1_34' title="bbox 119 2134 1494 2183; baseline 0.001 -11"><span class='ocrx_word' id='word_1_317' title='bbox 119 2151 204 2173; x_wconf 84' lang='lat' dir='ltr'>rum</span> <span class='ocrx_word' id='word_1_318' title='bbox 221 2136 363 2183; x_wconf 83' lang='lat' dir='ltr'>culpam</span> <span class='ocrx_word' id='word_1_319' title='bbox 381 2134 537 2183; x_wconf 83' lang='lat' dir='ltr'>aliquam</span> <span class='ocrx_word' id='word_1_320' title='bbox 558 2147 602 2169; x_wconf 88' lang='lat' dir='ltr'>eo</span> <span class='ocrx_word' id='word_1_321' title='bbox 618 2135 778 2176; x_wconf 83' lang='lat' dir='ltr'>sustinet,</span> <span class='ocrx_word' id='word_1_322' title='bbox 801 2136 897 2181; x_wconf 86' lang='lat' dir='ltr'>quod</span> <span class='ocrx_word' id='word_1_323' title='bbox 917 2137 1105 2170; x_wconf 83' lang='lat' dir='ltr'>occasione</span> <span class='ocrx_word' id='word_1_324' title='bbox 1124 2135 1332 2171; x_wconf 78' lang='lat' dir='ltr'>immortale</span> <span class='ocrx_word' id='word_1_325' title='bbox 1349 2143 1383 2170; x_wconf 86' lang='lat' dir='ltr'>et</span> <span class='ocrx_word' id='word_1_326' title='bbox 1401 2137 1494 2173; x_wconf 86' lang='lat' dir='ltr'>bene</span> 
     </span>
     <span class='ocr_line' id='line_1_35' title="bbox 120 2179 1493 2230; baseline -0.001 -11"><span class='ocrx_word' id='word_1_327' title='bbox 120 2190 357 2230; x_wconf 75' lang='lat' dir='ltr'>temperatum</span> <span class='ocrx_word' id='word_1_328' title='bbox 374 2194 506 2228; x_wconf 85' lang='lat' dir='ltr'>eorpus</span> <span class='ocrx_word' id='word_1_329' title='bbox 524 2182 591 2216; x_wconf 88' lang='lat' dir='ltr'>sibi</span> <span class='ocrx_word' id='word_1_330' title='bbox 613 2182 761 2226; x_wconf 88' lang='lat' dir='ltr'>parandi</span> <span class='ocrx_word' id='word_1_331' title='bbox 778 2179 1027 2228; x_wconf 71' lang='lat' dir='ltr'>praetermisszi</span> <span class='ocrx_word' id='word_1_332' title='bbox 1046 2181 1247 2223; x_wconf 77' lang='lat' dir='ltr'>commisit,</span> <span class='ocrx_word' id='word_1_333' title='bbox 1271 2189 1313 2217; x_wconf 81' lang='lat' dir='ltr'>ut</span> <span class='ocrx_word' id='word_1_334' title='bbox 1338 2184 1493 2218; x_wconf 79' lang='lat' dir='ltr'>mortale</span> 
     </span>
     <span class='ocr_line' id='line_1_36' title="bbox 120 2227 1492 2274; baseline -0.001 -9"><span class='ocrx_word' id='word_1_335' title='bbox 120 2229 209 2265; x_wconf 88' lang='lat' dir='ltr'>etin</span> <span class='ocrx_word' id='word_1_336' title='bbox 225 2228 392 2264; x_wconf 82' lang='lat' dir='ltr'>libidines</span> <span class='ocrx_word' id='word_1_337' title='bbox 407 2240 566 2273; x_wconf 85' lang='lat' dir='ltr'>pronum</span> <span class='ocrx_word' id='word_1_338' title='bbox 592 2239 745 2273; x_wconf 82' lang='lat' dir='ltr'>eorpus,</span> <span class='ocrx_word' id='word_1_339' title='bbox 772 2241 844 2274; x_wconf 92' lang='lat' dir='ltr'>quo</span> <span class='ocrx_word' id='word_1_340' title='bbox 870 2228 946 2273; x_wconf 85' lang='lat' dir='ltr'>ipse</span> <span class='ocrx_word' id='word_1_341' title='bbox 969 2240 1112 2273; x_wconf 78' lang='lat' dir='ltr'>semper</span> <span class='ocrx_word' id='word_1_342' title='bbox 1137 2227 1188 2261; x_wconf 89' lang='lat' dir='ltr'>uti</span> <span class='ocrx_word' id='word_1_343' title='bbox 1215 2235 1364 2264; x_wconf 62' lang='lat' dir='ltr'>coactus</span> <span class='ocrx_word' id='word_1_344' title='bbox 1389 2236 1492 2271; x_wconf 79' lang='lat' dir='ltr'>esset,</span> 
     </span>
     <span class='ocr_line' id='line_1_37' title="bbox 118 2271 1493 2320; baseline -0.001 -9"><span class='ocrx_word' id='word_1_345' title='bbox 118 2277 165 2312; x_wconf 78' lang='lat' dir='ltr'>ab</span> <span class='ocrx_word' id='word_1_346' title='bbox 191 2288 228 2310; x_wconf 83' lang='lat' dir='ltr'>se</span> <span class='ocrx_word' id='word_1_347' title='bbox 252 2275 296 2309; x_wconf 88' lang='lat' dir='ltr'>ad</span> <span class='ocrx_word' id='word_1_348' title='bbox 325 2273 490 2309; x_wconf 87' lang='lat' dir='ltr'>subolem</span> <span class='ocrx_word' id='word_1_349' title='bbox 519 2271 784 2308; x_wconf 73' lang='lat' dir='ltr'>transferretur.</span> <span class='ocrx_word' id='word_1_350' title='bbox 835 2273 938 2318; x_wconf 87' lang='lat' dir='ltr'>Quae</span> <span class='ocrx_word' id='word_1_351' title='bbox 964 2273 1057 2308; x_wconf 85' lang='lat' dir='ltr'>mala</span> <span class='ocrx_word' id='word_1_352' title='bbox 1076 2272 1249 2308; x_wconf 81' lang='lat' dir='ltr'>hereditas</span> <span class='ocrx_word' id='word_1_353' title='bbox 1274 2274 1402 2320; x_wconf 88' lang='lat' dir='ltr'>quibus</span> <span class='ocrx_word' id='word_1_354' title='bbox 1423 2277 1493 2309; x_wconf 84' lang='lat' dir='ltr'>ob-</span> 
     </span>
     <span class='ocr_line' id='line_1_38' title="bbox 120 2318 1516 2367; baseline -0.002 -11"><span class='ocrx_word' id='word_1_355' title='bbox 120 2326 265 2356; x_wconf 74' lang='lat' dir='ltr'>venerat</span> <span class='ocrx_word' id='word_1_356' title='bbox 281 2327 314 2355; x_wconf 87' lang='lat' dir='ltr'>et</span> <span class='ocrx_word' id='word_1_357' title='bbox 332 2325 527 2366; x_wconf 87' lang='lat' dir='ltr'>potuerunt</span> <span class='ocrx_word' id='word_1_358' title='bbox 545 2331 629 2352; x_wconf 85' lang='lat' dir='ltr'>sane</span> <span class='ocrx_word' id='word_1_359' title='bbox 657 2324 692 2352; x_wconf 80' lang='lat' dir='ltr'>et</span> <span class='ocrx_word' id='word_1_360' title='bbox 717 2320 916 2354; x_wconf 81' lang='lat' dir='ltr'>debuerunt</span> <span class='ocrx_word' id='word_1_361' title='bbox 945 2332 1070 2365; x_wconf 81' lang='lat' dir='ltr'>pravas</span> <span class='ocrx_word' id='word_1_362' title='bbox 1096 2318 1308 2364; x_wconf 83' lang='lat' dir='ltr'>cupiditates</span> <span class='ocrx_word' id='word_1_363' title='bbox 1336 2332 1493 2367; x_wconf 84' lang='lat' dir='ltr'>corpore</span> <span class='ocrx_word' id='word_1_364' title='bbox 1513 2349 1516 2353; x_wconf 89' lang='lat'>.</span> 
     </span>
     <span class='ocr_line' id='line_1_39' title="bbox 120 2363 1490 2412; baseline -0.001 -10"><span class='ocrx_word' id='word_1_365' title='bbox 120 2367 284 2402; x_wconf 79' lang='lat' dir='ltr'>excitatas</span> <span class='ocrx_word' id='word_1_366' title='bbox 309 2365 470 2401; x_wconf 87' lang='lat' dir='ltr'>domare.</span> <span class='ocrx_word' id='word_1_367' title='bbox 514 2364 586 2400; x_wconf 83' lang='lat' dir='ltr'>Sed</span> <span class='ocrx_word' id='word_1_368' title='bbox 611 2363 678 2410; x_wconf 86' lang='lat' dir='ltr'>ipsi</span> <span class='ocrx_word' id='word_1_369' title='bbox 706 2366 749 2400; x_wconf 81' lang='lat' dir='ltr'>ab</span> <span class='ocrx_word' id='word_1_370' title='bbox 775 2363 816 2399; x_wconf 64' lang='lat' dir='ltr'>ed</span> <span class='ocrx_word' id='word_1_371' title='bbox 840 2364 1032 2411; x_wconf 82' lang='lat' dir='ltr'>perdomiti</span> <span class='ocrx_word' id='word_1_372' title='bbox 1057 2377 1133 2399; x_wconf 89' lang='lat' dir='ltr'>non</span> <span class='ocrx_word' id='word_1_373' title='bbox 1163 2373 1325 2400; x_wconf 59' lang='lat' dir='ltr'>exeun-ate</span> <span class='ocrx_word' id='word_1_374' title='bbox 1345 2366 1490 2412; x_wconf 82' lang='lat' dir='ltr'>quidem</span> 
     </span>
     <span class='ocr_line' id='line_1_40' title="bbox 120 2410 1489 2460; baseline -0.001 -12"><span class='ocrx_word' id='word_1_375' title='bbox 120 2417 342 2460; x_wconf 79' lang='lat' dir='ltr'>peccarunt,</span> <span class='ocrx_word' id='word_1_376' title='bbox 369 2412 432 2445; x_wconf 81' lang='lat' dir='ltr'>sed</span> <span class='ocrx_word' id='word_1_377' title='bbox 457 2417 650 2457; x_wconf 85' lang='lat' dir='ltr'>peccarunt</span> <span class='ocrx_word' id='word_1_378' title='bbox 677 2416 818 2452; x_wconf 81' lang='lat' dir='ltr'>tamen,</span> <span class='ocrx_word' id='word_1_379' title='bbox 849 2423 961 2457; x_wconf 90' lang='lat' dir='ltr'>quum</span> <span class='ocrx_word' id='word_1_380' title='bbox 989 2423 1122 2456; x_wconf 82' lang='lat' dir='ltr'>corpus</span> <span class='ocrx_word' id='word_1_381' title='bbox 1146 2410 1189 2446; x_wconf 87' lang='lat' dir='ltr'>ab</span> <span class='ocrx_word' id='word_1_382' title='bbox 1216 2412 1362 2446; x_wconf 72' lang='lat' dir='ltr'>Adamo</span> <span class='ocrx_word' id='word_1_383' title='bbox 1389 2425 1489 2447; x_wconf 80' lang='lat' dir='ltr'>acce-</span> 
     </span>
     <span class='ocr_line' id='line_1_41' title="bbox 118 2455 1487 2506; baseline -0.001 -13"><span class='ocrx_word' id='word_1_384' title='bbox 118 2460 275 2506; x_wconf 80' lang='lat' dir='ltr'>pissent,</span> <span class='ocrx_word' id='word_1_385' title='bbox 304 2457 402 2504; x_wconf 88' lang='lat' dir='ltr'>quod</span> <span class='ocrx_word' id='word_1_386' title='bbox 424 2455 675 2504; x_wconf 82' lang='lat' dir='ltr'>cupiditatibus</span> <span class='ocrx_word' id='word_1_387' title='bbox 698 2457 799 2491; x_wconf 78' lang='lat' dir='ltr'>facile</span> <span class='ocrx_word' id='word_1_388' title='bbox 826 2456 1120 2492; x_wconf 86' lang='lat' dir='ltr'>inflammaretur.</span> <span class='ocrx_word' id='word_1_389' title='bbox 1144 2473 1190 2481; x_wconf 89' lang='lat'>—</span> <span class='ocrx_word' id='word_1_390' title='bbox 1236 2455 1355 2499; x_wconf 75' lang='lat' dir='ltr'>Haec,</span> <span class='ocrx_word' id='word_1_391' title='bbox 1378 2470 1487 2503; x_wconf 80' lang='lat' dir='ltr'>quam</span> 
     </span>
     <span class='ocr_line' id='line_1_42' title="bbox 91 2500 1486 2549; baseline -0.001 -9"><span class='ocrx_word' id='word_1_392' title='bbox 91 2522 96 2525; x_wconf 52' lang='grc'><em>’</em></span> <span class='ocrx_word' id='word_1_393' title='bbox 147 2503 243 2540; x_wconf 86' lang='lat' dir='ltr'>aucis</span> <span class='ocrx_word' id='word_1_394' title='bbox 271 2516 308 2539; x_wconf 84' lang='lat' dir='ltr'>v.</span> <span class='ocrx_word' id='word_1_395' title='bbox 328 2500 535 2549; x_wconf 81' lang='lat' dir='ltr'>complexus</span> <span class='ocrx_word' id='word_1_396' title='bbox 552 2514 659 2545; x_wconf 86' lang='lat' dir='ltr'>-sum,</span> <span class='ocrx_word' id='word_1_397' title='bbox 686 2503 878 2548; x_wconf 84' lang='lat' dir='ltr'>disputatio</span> <span class='ocrx_word' id='word_1_398' title='bbox 904 2509 982 2537; x_wconf 87' lang='lat' dir='ltr'>tum</span> <span class='ocrx_word' id='word_1_399' title='bbox 1008 2503 1154 2536; x_wconf 84' lang='lat' dir='ltr'>demum</span> <span class='ocrx_word' id='word_1_400' title='bbox 1182 2501 1364 2548; x_wconf 76' lang='lat' dir='ltr'>nascitur,</span> <span class='ocrx_word' id='word_1_401' title='bbox 1394 2503 1486 2539; x_wconf 82' lang='lat' dir='ltr'>siah</span> 
     </span>
     <span class='ocr_line' id='line_1_43' title="bbox 120 2519 1486 2596; baseline -0.001 -10"><span class='ocrx_word' id='word_1_402' title='bbox 120 2519 188 2586; x_wconf 57' lang='lat' dir='ltr'>iii-0</span> <span class='ocrx_word' id='word_1_403' title='bbox 219 2547 394 2583; x_wconf 55' lang='lat' dir='ltr'>sententia</span> <span class='ocrx_word' id='word_1_404' title='bbox 423 2549 664 2594; x_wconf 76' lang='lat' dir='ltr'>argumentari</span> <span class='ocrx_word' id='word_1_405' title='bbox 697 2561 841 2583; x_wconf 85' lang='lat' dir='ltr'>exorsus</span> <span class='ocrx_word' id='word_1_406' title='bbox 873 2547 1005 2583; x_wconf 67' lang='lat' dir='ltr'>fueris:</span> <span class='ocrx_word' id='word_1_407' title='bbox 1046 2548 1123 2581; x_wconf 79' lang='lat' dir='ltr'>fieri</span> <span class='ocrx_word' id='word_1_408' title='bbox 1157 2560 1231 2582; x_wconf 90' lang='lat' dir='ltr'>non</span> <span class='ocrx_word' id='word_1_409' title='bbox 1263 2561 1368 2594; x_wconf 85' lang='lat' dir='ltr'>posse</span> <span class='ocrx_word' id='word_1_410' title='bbox 1396 2551 1486 2596; x_wconf 83' lang='lat' dir='ltr'>quin</span> 
     </span>
     <span class='ocr_line' id='line_1_44' title="bbox 121 2593 1487 2640; baseline -0.001 -9"><span class='ocrx_word' id='word_1_411' title='bbox 121 2608 248 2631; x_wconf 88' lang='lat' dir='ltr'>omnes</span> <span class='ocrx_word' id='word_1_412' title='bbox 272 2594 436 2629; x_wconf 76' lang='lat' dir='ltr'>homines</span> <span class='ocrx_word' id='word_1_413' title='bbox 461 2593 682 2634; x_wconf 83' lang='lat' dir='ltr'>moriantur,</span> <span class='ocrx_word' id='word_1_414' title='bbox 718 2595 799 2640; x_wconf 85' lang='lat' dir='ltr'>quia</span> <span class='ocrx_word' id='word_1_415' title='bbox 831 2601 993 2628; x_wconf 88' lang='lat' dir='ltr'>terrenus</span> <span class='ocrx_word' id='word_1_416' title='bbox 1020 2594 1182 2628; x_wconf 82' lang='lat' dir='ltr'>Adamus</span> <span class='ocrx_word' id='word_1_417' title='bbox 1207 2593 1414 2629; x_wconf 84' lang='lat' dir='ltr'>dissolubile</span> <span class='ocrx_word' id='word_1_418' title='bbox 1442 2596 1487 2631; x_wconf 81' lang='lat' dir='ltr'>iis</span> 
     </span>
     <span class='ocr_line' id='line_1_45' title="bbox 119 2639 1486 2688; baseline 0 -12"><span class='ocrx_word' id='word_1_419' title='bbox 119 2654 253 2688; x_wconf 83' lang='lat' dir='ltr'>corpus</span> <span class='ocrx_word' id='word_1_420' title='bbox 269 2640 503 2687; x_wconf 84' lang='lat' dir='ltr'>impertiverit</span> <span class='ocrx_word' id='word_1_421' title='bbox 527 2641 560 2684; x_wconf 86' lang='lat'>(1</span> <span class='ocrx_word' id='word_1_422' title='bbox 580 2641 669 2675; x_wconf 91' lang='lat' dir='ltr'>Cor.</span> <span class='ocrx_word' id='word_1_423' title='bbox 688 2641 742 2680; x_wconf 86' lang='lat'>15,</span> <span class='ocrx_word' id='word_1_424' title='bbox 758 2640 814 2675; x_wconf 84' lang='lat'>48.</span> <span class='ocrx_word' id='word_1_425' title='bbox 835 2640 920 2684; x_wconf 84' lang='lat' dir='ltr'>sq.).</span> <span class='ocrx_word' id='word_1_426' title='bbox 967 2639 1034 2673; x_wconf 91' lang='lat' dir='ltr'>Cui</span> <span class='ocrx_word' id='word_1_427' title='bbox 1063 2639 1259 2674; x_wconf 80' lang='lat' dir='ltr'>sententiae</span> <span class='ocrx_word' id='word_1_428' title='bbox 1283 2654 1486 2687; x_wconf 74' lang='lat' dir='ltr'>repugnans</span> 
     </span>
     <span class='ocr_line' id='line_1_46' title="bbox 121 2684 1485 2731; baseline -0.001 -10"><span class='ocrx_word' id='word_1_429' title='bbox 121 2700 247 2723; x_wconf 87' lang='lat' dir='ltr'>omnes</span> <span class='ocrx_word' id='word_1_430' title='bbox 266 2685 431 2720; x_wconf 83' lang='lat' dir='ltr'>homines</span> <span class='ocrx_word' id='word_1_431' title='bbox 448 2687 545 2731; x_wconf 90' lang='lat' dir='ltr'>quod</span> <span class='ocrx_word' id='word_1_432' title='bbox 563 2685 628 2731; x_wconf 89' lang='lat' dir='ltr'>ipsi</span> <span class='ocrx_word' id='word_1_433' title='bbox 649 2691 854 2730; x_wconf 86' lang='lat' dir='ltr'>peccassent</span> <span class='ocrx_word' id='word_1_434' title='bbox 879 2692 1034 2719; x_wconf 84' lang='lat' dir='ltr'>mortem</span> <span class='ocrx_word' id='word_1_435' title='bbox 1059 2684 1184 2719; x_wconf 82' lang='lat' dir='ltr'>adiisse</span> <span class='ocrx_word' id='word_1_436' title='bbox 1201 2685 1295 2722; x_wconf 86' lang='lat' dir='ltr'><strong>P.·h.</strong></span> <span class='ocrx_word' id='word_1_437' title='bbox 1314 2686 1339 2721; x_wconf 89' lang='lat' dir='ltr'>l.</span> <span class='ocrx_word' id='word_1_438' title='bbox 1359 2687 1485 2722; x_wconf 75' lang='lat' dir='ltr'>scribit</span> 
     </span>
     <span class='ocr_line' id='line_1_47' title="bbox 117 2730 1483 2778; baseline -0.001 -11"><span class='ocrx_word' id='word_1_439' title='bbox 117 2745 254 2778; x_wconf 74' lang='lat' dir='ltr'>eosque</span> <span class='ocrx_word' id='word_1_440' title='bbox 283 2743 500 2778; x_wconf 83' lang='lat' dir='ltr'>quamquam</span> <span class='ocrx_word' id='word_1_441' title='bbox 537 2743 556 2764; x_wconf 86' lang='lat' dir='ltr'>a</span> <span class='ocrx_word' id='word_1_442' title='bbox 588 2730 731 2764; x_wconf 79' lang='lat' dir='ltr'>mortali</span> <span class='ocrx_word' id='word_1_443' title='bbox 762 2731 904 2765; x_wconf 78' lang='lat' dir='ltr'>Adamo</span> <span class='ocrx_word' id='word_1_444' title='bbox 937 2737 1133 2776; x_wconf 76' lang='lat' dir='ltr'>prognatos</span> <span class='ocrx_word' id='word_1_445' title='bbox 1162 2743 1237 2766; x_wconf 86' lang='lat' dir='ltr'>uon</span> <span class='ocrx_word' id='word_1_446' title='bbox 1284 2732 1483 2766; x_wconf 85' lang='lat' dir='ltr'>morituros</span> 
     </span>
     <span class='ocr_line' id='line_1_48' title="bbox 117 2775 1483 2825; baseline -0.002 -11"><span class='ocrx_word' id='word_1_447' title='bbox 117 2779 229 2814; x_wconf 78' lang='lat' dir='ltr'>fuisse</span> <span class='ocrx_word' id='word_1_448' title='bbox 248 2777 441 2824; x_wconf 81' lang='lat' dir='ltr'>significat,</span> <span class='ocrx_word' id='word_1_449' title='bbox 463 2776 491 2810; x_wconf 86' lang='lat' dir='ltr'>si</span> <span class='ocrx_word' id='word_1_450' title='bbox 510 2776 571 2823; x_wconf 84' lang='lat' dir='ltr'>qui</span> <span class='ocrx_word' id='word_1_451' title='bbox 588 2775 820 2821; x_wconf 79' lang='lat' dir='ltr'>exstitissent,</span> <span class='ocrx_word' id='word_1_452' title='bbox 841 2775 902 2822; x_wconf 88' lang='lat' dir='ltr'>qui</span> <span class='ocrx_word' id='word_1_453' title='bbox 930 2776 1029 2811; x_wconf 79' lang='lat' dir='ltr'>nulla</span> <span class='ocrx_word' id='word_1_454' title='bbox 1054 2784 1196 2823; x_wconf 79' lang='lat' dir='ltr'>peccata</span> <span class='ocrx_word' id='word_1_455' title='bbox 1219 2784 1483 2825; x_wconf 82' lang='lat' dir='ltr'>perpetrassent</span> 
     </span>
    </p>
   </div>
   <div class='ocr_carea' id='block_1_4' title="bbox 119 2822 554 2871">
    <p class='ocr_par' dir='ltr' id='par_1_5' title="bbox 119 2822 554 2871">
     <span class='ocr_line' id='line_1_49' title="bbox 119 2822 554 2871; baseline -0.002 -13"><span class='ocrx_word' id='word_1_456' title='bbox 119 2827 170 2871; x_wconf 73' lang='lat' dir='ltr'>(v.</span> <span class='ocrx_word' id='word_1_457' title='bbox 189 2831 312 2860; x_wconf 88' lang='lat' dir='ltr'>notam</span> <span class='ocrx_word' id='word_1_458' title='bbox 334 2836 368 2870; x_wconf 86' lang='lat' dir='ltr'>p.</span> <span class='ocrx_word' id='word_1_459' title='bbox 386 2822 465 2858; x_wconf 69' lang='lat'>292.</span> <span class='ocrx_word' id='word_1_460' title='bbox 483 2824 554 2868; x_wconf 86' lang='lat' dir='ltr'>sq.)</span> 
     </span>
    </p>
   </div>
  </div>
 </body>
</html>
