1752 3347
527 168 684 214 GAP.
717 167 776 214 V.
825 169 913 214 Vs.
948 169 1048 214 14..
1419 167 1504 210 315

43 271 124 329 ώμ.
146 292 185 320 τ.
209 291 258 323 rt.
274 274 336 322 Ἀ.
366 281 459 321 tom
489 280 655 331 mente,
685 282 893 321 contemto
915 278 1008 320 Deo
1025 290 1203 332 peccare
1231 277 1293 332 (v.
1316 274 1433 332 OrIy.
1456 278 1502 318 et

42 333 353 389 Ambrosiast.)
390 335 536 378 valere
568 339 823 392 putassent,
874 333 954 376 hae
991 349 1103 391 opus
1143 347 1244 376 esse
1282 333 1504 375 sententia

41 390 375 435 existimarunt:
396 391 660 434 dominatam
684 406 783 433 esse
803 391 989 434 Mortem
1020 394 1127 447 (non
1147 390 1191 432 in
1211 405 1375 443 omnes,
1405 387 1507 443 sed)

40 448 87 490 in
120 461 196 489 eos
227 448 525 490 tantummodo
557 448 632 504 qui
662 452 752 489 tam
782 449 977 501 graviter
1004 462 1133 504 quam
1160 446 1365 490 Adamus
1393 445 1506 489 deli-

75 503 245 546 uissent
279 503 310 547 i.
338 519 378 547 e.
410 502 693 556 ἐβασίλευσεν
719 498 742 543 ὃ
778 500 979 553 Θάνατος
1016 505 1109 547 ἐπὶ
1142 502 1270 552 τοὺς
1310 500 1507 559 ἆμαρτ.

76 560 140 601 πὶ
162 560 234 615 τῷ
267 557 347 611 ὃμ.
374 574 414 603 τ.
443 574 492 600 π.
514 555 576 599 'A.
609 560 673 611 (v,
706 558 850 614 Oriy„
889 560 1034 604 Sedul.
1063 563 1108 600 et
1135 558 1508 601 Ambrosiastrum

40 614 100 657 ad
126 615 246 669 h.l.)
282 613 376 657 ἐπὶ
403 614 467 669 τῷ
492 608 764 670 ὁμοιώματι]
805 613 860 656 ἐν
888 617 950 670 τῷ
978 613 1047 668 ὀμ.
1078 615 1132 658 Β.
1163 614 1324 671 Chrys.
1353 614 1507 670 (etiam

39 671 88 716 in
106 669 190 716 Mt.
208 670 276 726 8.)
304 669 594 713 Theodoret..
652 669 930 728 Quamquam
950 671 994 713 ἕν
1013 685 1094 728 pro
1113 670 1190 714 ἐπί
1214 670 1336 713 sacili
1354 685 1509 713 errore

39 742 67 771 a
84 727 283 771 librariis
303 727 478 771 exarari
506 725 624 769 haud
643 727 799 782 ignoro
831 731 893 783 (v,
916 727 1045 771 Bast.
1068 729 1102 771 l.
1121 728 1153 772 l.
1182 744 1228 786 p.
1247 727 1398 783 742),
1427 728 1511 769 hoe

39 789 187 827 tamen
214 783 716 843 &interpretamentum
741 783 915 827 redolet
944 785 1217 841 (peccavisse
1243 799 1322 840 per
1351 785 1512 827 simili-

37 839 233 884 tudinem
247 841 303 884 ab
314 841 491 885 Adamo
508 841 732 883 commissi
750 842 795 887 h.
815 856 855 884 e.
878 841 958 895 sic,
991 845 1040 883 ut
1059 841 1305 883 similitudo
1319 841 1512 885 abAda-

40 912 110 940 mo
137 899 361 941 commissi
387 898 746 957 exprimeretur).
812 898 993 942 Photius
1019 913 1091 956 ap.
1113 897 1295 943 Oecum.
1320 899 1397 941 uhi
1415 899 1512 942 vul-

40 959 186 1010 gatam
209 957 475 1014 scripturam
496 955 681 1027 exponit
704 969 819 998 nunc
848 954 998 1000 verbis
1029 954 1166 997 κατὰ
1197 951 1261 1008 ὃμ
1276 971 1298 998 ο
1313 953 1514 1012 ιότητα

39 1013 120 1069 τῆς
139 1012 219 1055 τοῦ
229 1009 371 1066 Ἀὸάμ
390 1014 688 1069 παραβασεως
705 1012 870 1066 utitur,
899 1027 1011 1056 nune
1040 1012 1266 1056 vocabulis
1292 1012 1363 1068 τῷ
1381 1010 1514 1066 ὃμοι-

42 1064 203 1120 ώματι-
220 1069 269 1126 (i.
293 1084 336 1126 q.
369 1068 423 1112 ἐν
449 1069 513 1124 τῷ
544 1065 817 1124 ὁμοιώματι)
843 1071 923 1126 τῆς
947 1066 1248 1126 παραβάσεως
1272 1067 1425 1122 Ἀδάμ.
1457 1092 1515 1101 —-

43 1127 118 1167 καὶ
145 1123 223 1169 ἐπὶ
245 1129 350 1176 τοὺς
376 1125 436 1182 μὴ
467 1122 541 1180 ἃμ.
576 1124 671 1167 ἐπὶ
700 1126 762 1182 τῷ
795 1123 1047 1180 ὁμοιώματι
1067 1127 1146 1181 τῆς
1166 1122 1512 1183 παραβ.Ἀὂάμ]

42 1179 193 1240 Saepe
213 1183 374 1226 Graeci
403 1197 497 1224 rem
525 1181 775 1241 adjunctam
803 1183 1039 1240 primariae
1065 1183 1155 1236 rei,
1195 1181 1249 1224 de
1280 1182 1366 1239 qua
1398 1181 1515 1223 diee-

41 1243 168 1293 rent,
194 1239 455 1297 praeverbio
488 1237 567 1282 ἐπί
595 1254 663 1296 sq.
684 1238 849 1282 Dativo
880 1239 1147 1283 indicarunt.
1215 1238 1357 1295 Quem
1387 1253 1517 1280 usum

41 1295 262 1339 latissime
290 1301 512 1354 patentem
544 1311 627 1338 non
656 1310 830 1354 semper
857 1297 986 1339 nobis
1014 1296 1183 1339 imitari
1209 1297 1316 1338 lieet
1335 1295 1517 1339 vocibus

44 1354 104 1398 hei
141 1356 186 1395 et
212 1366 325 1399 unter
355 1369 487 1410 quum
520 1353 730 1396 Germani
761 1355 808 1395 in
834 1355 1060 1396 nonnullis
1095 1354 1335 1396 structuris
1364 1352 1517 1410 paullo

43 1409 179 1452 latius
210 1415 255 1452 et
283 1409 508 1453 definitius
533 1409 745 1466 loquendi
774 1425 914 1466 genus
946 1411 1088 1466 magis
1124 1410 1378 1467 prohemus.
1443 1408 1518 1451 Sic

47 1464 124 1521 ζῆν
152 1467 384 1524 (Achphr.
404 1482 475 1524 ep.
499 1469 538 1520 l,
559 1467 627 1518 3.)
658 1466 864 1509 τελευτᾶν
893 1466 1162 1524 (Herodian.
1179 1467 1222 1520 4,
1243 1466 1285 1519 2,
1308 1468 1370 1520 l.)
1402 1462 1519 1520 φεύ-

45 1537 139 1578 γειν
164 1524 394 1581 (Alciphr.
415 1538 486 1580 ep.
512 1525 551 1575 1,
572 1523 665 1575 ll.)
695 1520 791 1564 ἐπὶ
820 1521 989 1573 τέκνοις
1018 1524 1188 1575 vivere,
1220 1523 1356 1575 mori,
1386 1536 1519 1564 exsu-

44 1579 142 1622 lare
173 1582 250 1626 bei
280 1583 454 1628 Rinbetn
482 1579 527 1622 h.
551 1594 590 1622 e.
611 1578 767 1621 liberos
782 1578 1008 1622 habentem
1038 1579 1226 1631 (παῖδας
1245 1578 1418 1631 ἔχοντα)
1445 1578 1520 1620 de-

46 1636 191 1680 clarat
225 1638 400 1693 (Herm.
428 1636 485 1679 ad
505 1635 612 1691 Vig.
642 1649 686 1692 p.
707 1634 810 1679 857.
836 1637 944 1692 sq.).
1010 1635 1258 1679 Herodian.
1279 1635 1329 1684 3,
1351 1635 1427 1687 12,
1446 1636 1520 1679 20.

50 1688 75 1736 ὁ
105 1694 153 1737 δὲ
179 1691 463 1746 Πλαυτιανὸς
500 1690 585 1748 ἐφ’
628 1689 855 1747 ἑτέραις
892 1690 1106 1742 εἰςελθών
1136 1691 1369 1734 ἐλπίσιν
1399 1693 1451 1748 (i.
1480 1706 1521 1735 e.

48 1747 260 1800 εἶςελθιόν
289 1747 491 1806 ἑτέρας
521 1747 761 1798 ἐλπίδας
789 1746 922 1801 ἔχων
950 1749 1184 1804 ingressus
1208 1749 1298 1791 alia
1320 1749 1522 1804 sperans)

49 1804 137 1864 ὁρᾷ
164 1823 252 1851 κ.τ.
266 1808 305 1850 λ.
361 1806 471 1851 Eur.
494 1804 666 1849 Troad.
693 1805 847 1849 v.315.
883 1803 985 1848 ἐπεὶ
1011 1803 1085 1856 σὺ,
1115 1806 1270 1860 μᾶτερ,
1299 1803 1389 1847 ἐπὶ
1422 1802 1523 1846 ὀά-

51 1879 76 1906 κ
123 1877 214 1906 υσι
244 1865 336 1906 καὶ
365 1860 557 1919 γόοισι
586 1863 639 1918 (ἰ.
665 1877 709 1918 q.
742 1861 995 1916 δακρύουσα
1023 1863 1099 1903 καὶ
1124 1862 1295 1917 γοιῦσα)
1324 1861 1399 1903 τὸν
1428 1864 1524 1902 θα-

48 1878 181 1963 νῖντα
202 1920 377 1974 πατέρα
397 1944 453 1951 ——
471 1914 776 1960 καταστένουσ’
800 1915 914 1969 ἔχεις
933 1943 1011 1963 -.
1067 1916 1204 1959 Haud
1231 1932 1369 1975 pauca
1389 1917 1523 1975 hujus

51 1976 230 2033 generis
249 1977 284 2021 l.
304 1974 526 2019 Matthiae
545 1976 662 2027 Qluef.
683 1987 742 2030 gv.
764 1975 841 2021 ΘΥ.
862 1973 930 2018 ΙΙ.
949 1989 992 2031 p.
1012 1975 1138 2017 1166.
1153 1989 1221 2030 sq.
1251 1967 1525 2032 suppeditat.

51 2034 91 2077 E
112 2031 174 2078 N.
195 2032 256 2077 T.
285 2033 341 2076 cf.
367 2031 512 2076 Hehr.
539 2032 589 2086 9,
620 2031 690 2074 17.
729 2031 926 2087 διαθήκη
954 2029 1037 2087 γὰρ
1068 2029 1162 2073 ἐπὶ
1189 2033 1415 2086 νεκροῖς
1443 2033 1526 2083 βε-

52 2088 164 2146 βαία
193 2100 272 2132 ·-“-.
300 2091 379 2142 (bei
399 2090 549 2137 Zobtm
582 2089 661 2133 M.
689 2089 840 2133 menn'ss
860 2088 984 2135 Some
1015 2090 1097 2141 gibt
1127 2086 1205 2129 ἐπὶ
1233 2090 1296 2145 τῷ
1317 2089 1528 2144 παρεῖναι

52 2143 266 2203 νεκρούς.
313 2145 517 2188 Pluralis
548 2145 592 2186 in
615 2144 815 2200 generali
832 2145 1054 2187 sententia
1071 2148 1188 2186 recte
1208 2145 1383 2202 positus
1403 2144 1528 2197 est.)-

53 2203 197 2249 Hebr.
220 2204 289 2256 10,
312 2203 385 2248 28.
416 2200 493 2246 ἐπὶ
513 2202 635 2244 δυσὶν
655 2196 680 2257 ἢ
706 2203 827 2257 τρισὶ
851 2201 1068 2256 μάρτυσιν
1096 2201 1148 2255 (ἰ.
1171 2215 1211 2245 e.
1243 2195 1380 2244 ὄντων
1404 2199 1525 2242 δυοῖν

54 2256 88 2318 ἢ
104 2265 239 2313 τρι-ὥν
257 2258 515 2316 μαρτύρων)
543 2253 859 2315 ἀποθνήσκειν.
920 2258 1018 2304 Jam
1037 2258 1081 2301 h.
1101 2259 1134 2301 l.
1164 2253 1432 2315 ἁμαρτάνειν
1449 2255 1527 2299 ἐπὶ

55 2317 121 2372 τῷ
140 2313 389 2370 ὁμοιώματι
405 2317 485 2373 τῆς
501 2314 800 2371 παραβάσεως
811 2312 952 2371 Ἀδάμ
981 2314 1188 2372 (simbigen
1215 2317 1290 2359 bei
1317 2318 1383 2359 bet
1402 2315 1528 2369 &lebuz

57 2375 203 2426 lichfeit
231 2377 300 2419 bet
326 2377 603 2428 nebetttetung
623 2374 796 2426 fflbcmss)
824 2373 888 2415 ita
918 2386 1097 2427 peccare
1125 2374 1272 2424 notat,
1302 2376 1349 2413 ut
1376 2370 1528 2413 simili-

58 2430 249 2473 tudinem
274 2429 330 2472 ab
361 2430 529 2473 Adamo
556 2429 832 2473 commisse·
857 2428 1050 2487 referas,
1080 2432 1128 2470 ut
1157 2433 1383 2485 peccatum
1401 2425 1530 2470 Ada-

59 2487 122 2540 mi
147 2486 369 2530 commisso
406 2487 551 2530 simile
577 2490 832 2544 perpetres,
875 2483 1143 2543 ἁμαρτάνειν
1172 2481 1431 2538 πράσσοντα
1467 2486 1531 2540 (s,

62 2543 178 2586 ὥστε
205 2538 442 2600 πράσσειν)
480 2541 532 2585 τό
554 2542 762 2596 ὁμοίωμα
781 2557 818 2583 τ.
841 2539 982 2585 π,Ἀ..
1039 2542 1159 2584 Bene
1180 2541 1354 2598 Belay„
1383 2540 1528 2584 Schol-

65 2599 259 2652 Matth„
306 2599 494 2651 Galvin„
540 2601 721 2652 Heum„
768 2599 970 2652 Beelzm.‚
1016 2598 1175 2640 Rueck.
1214 2601 1259 2640 et
1288 2597 1417 2640 multi
1448 2597 1530 2639 alii

63 2657 125 2714 μὴ
164 2653 419 2711 ἁμαρτῆσαι
456 2655 534 2698 ἐπὶ
570 2657 633 2710 τῷ
671 2652 922 2708 ὁμοιώματι
950 2656 1028 2711 τῆς
1058 2650 1305 2710 παραβ.’Λ.
1335 2669 1411 2697 eos
1442 2653 1531 2696 diei

65 2713 411 2766 intellexerunt,
450 2712 525 2769 qui
554 2727 640 2755 non
664 2711 874 2753 disertam
906 2710 1120 2768 quandam
1151 2710 1239 2754 Dei
1267 2712 1436 2767 legem,
1481 2714 1531 2751 ut

72 2770 272 2816 Adamas
303 2769 416 2813 Gen.
435 2770 478 2821 2,
498 2770 592 2821 17„
637 2768 901 2820 violassent,
947 2766 1024 2810 sed
1054 2767 1265 2810 adversus
1292 2769 1433 2825 legem
1463 2765 1530 2807 di-

70 2828 235 2874 vinitus
273 2826 401 2872 nobis
439 2826 618 2870 insitam
656 2824 867 2871 fecissent
904 2825 947 2873 h.
978 2840 1016 2874 e.
1058 2823 1113 2869 ad
1143 2824 1328 2871 rationis
1357 2829 1402 2867 et
1430 2838 1531 2867 con=
