1752 3347
677 221 1256 270 PROLEGOMENA.
1586 235 1701 264 xxxv

232 333 362 373 stolas
384 333 552 385 excepta
575 347 638 386 cp.
663 334 712 373 ad
732 333 858 375 Hebr.
884 345 1028 385 gracco
1056 332 1231 383 scriptas
1257 344 1346 371 esse
1374 328 1594 382 defendit),
1633 336 1701 369 aut

232 390 445 442 epistolam
475 403 619 442 graece
651 392 842 431 dictatam
874 391 1010 431 statim
1039 401 1063 428 a
1088 388 1226 429 Tertio
1259 388 1296 427 in
1321 387 1489 427 latinam
1517 386 1702 437 linguam

231 460 469 488 conversam
490 448 738 499 la2inamque
756 448 883 488 Tertii
905 446 1274 498 interpretationem
1294 443 1486 484 Romanis
1509 444 1703 482 redditam

232 518 323 545 esse
345 505 631 555 perhibuerunt
654 505 837 559 (cornel.
859 519 883 545 a
902 505 1006 556 Lap.
1031 504 1251 544 comment.
1279 515 1317 552 p·
1339 501 1449 555 27.).
1509 500 1703 541 Videlicet

232 561 429 602 Romanis
451 563 577 602 latine
600 562 854 615 scribendum
873 562 1000 601 fuisse
1022 566 1250 600 sumserunt
1276 560 1562 609 firmaruutquc
1586 571 1704 596 suum

234 626 497 658 commentum
517 632 586 667 eo,
617 620 721 668 qnod
743 618 930 667 Tertius,
961 618 1005 659 P.
1025 616 1286 657 amanuensis
1310 616 1484 666 16,22.‚
1513 616 1705 654 latinum.

233 687 378 714 nomen
398 676 576 726 gereret!
621 674 760 714 Nihilo
781 674 922 714 melior
943 673 1202 715 Bertholdtz'
1218 673 1319 715 OEinl.
1348 671 1523 724 p.3287.
1537 684 1596 721 sq.
1616 672 1706 722 opi-

233 730 314 771 nio‘
331 730 418 782 est,
465 731 530 782 qui
564 731 754 771 Bolteno
781 743 973 770 assensus
1001 730 1068 778 P.‚
1118 731 1278 781 linguae
1306 741 1478 781 graecae
1504 728 1708 779 ignarum,

236 800 374 833 omues
397 787 593 838 epistolas
613 789 838 827 aramaice
858 787 1100 837 scripsisse,
1131 787 1344 837 epistolam
1373 791 1501 825 autem
1521 786 1570 824 ad
1590 785 1708 825 Rom.

236 843 419 885 Tertium
449 845 489 884 in
517 855 710 897 graecam
741 843 920 896 linguam
949 843 1208 883 transtulisse
1242 844 1309 894 16,
1332 843 1402 884 22.
1434 842 1508 896 (i)
1539 842 1709 893 putavit.

236 902 390 954 Nempe
408 901 439 943 Ι.
458 902 651 942 dic-tiones
665 932 676 952 ,
708 914 809 952 quae
830 900 1110 940 hebraicarum
1138 906 1174 940 et
1199 899 1491 939 aramaicarum
1512 898 1711 949 loquutio-

234 972 330 1000 num
348 960 528 1000 umbram
548 958 747 1009 referant,
787 971 867 998 non
888 957 1092 997 offendunt
1112 955 1242 1009 iuP.,
1273 957 1360 994 viro
1384 956 1514 995 sacris
1536 956 1712 996 Judaeo-

238 1029 329 1056 rum
348 1016 576 1068 disciplinis
602 1015 782 1056 initiato:
819 1015 869 1056 It.
891 1016 939 1054 ad
961 1012 1075 1066 ἆββᾶ
1093 1013 1211 1054 Rom.
1234 1014 1275 1064 8,
1299 1013 1368 1053 15.
1389 1013 1473 1062 (ubi
1496 1026 1533 1054 v.
1554 1019 1637 1054 not.
1661 1012 1713 1053 cl.

237 1073 370 1115 Marc.
390 1073 458 1126 14,
480 1072 573 1121 36.)
601 1080 746 1113 temere
779 1078 1035 1123 provocatum
1054 1078 1137 1111 est:
1178 1070 1246 1110 lu.
1266 1069 1387 1109 Rom.
1411 1071 1450 1120 l,
1471 1070 1512 1111 5.
1543 1083 1623 1108 non
1649 1083 1715 1108 er-

240 1129 348 1171 ravit
371 1130 594 1181 interpres,
625 1130 727 1181 qnod
748 1125 837 1185 &im
854 1130 1010 1179 decus,
1040 1128 1309 1179 dignitatem
1328 1125 1432 1165 male
1451 1127 1614 1166 verterit
1636 1123 1716 1177 χά-

242 1203 330 1239 ριν,
361 1189 430 1227 sed
450 1186 613 1228 Rev-th.
639 1187 832 1238 peccavit.
877 1187 981 1226 Nam
1002 1198 1073 1239 3173,
1103 1196 1211 1242 &gt-3,
1241 1183 1568 1235 quemadmodum
1581 1179 1718 1237 χάρις,

242 1251 510 1285 venustatem
532 1256 630 1285 saue
648 1243 852 1296 declarat,
882 1243 1148 1296 dignitatem
1166 1255 1243 1283 uon
1262 1239 1476 1293 siguificat.

969 1401 1003 1441 ζ.

609 1487 673 1519 DE
704 1487 975 1521 EPISTOLAE
1016 1487 1357 1520 mtrEGRrrA'rE.

363 1571 495 1621 Quam
523 1585 628 1611 nunc
655 1573 851 1612 habemus
881 1572 922 1612 in
944 1571 1050 1613 XVI.
1080 1572 1217 1623 capita
1248 1569 1500 1621 dispertitam
1530 1569 1579 1607 ad
1605 1567 1723 1608 Rom.

250 1629 465 1682 epistolam
486 1641 535 1668 ea
551 1629 751 1680 integrum
769 1631 969 1681 quoddam
987 1629 1032 1670 P.
1054 1643 1156 1681 opus
1175 1635 1234 1668 est
1256 1640 1333 1667 uuo
1360 1631 1493 1665 tenore
1511 1623 1553 1662 in
1571 1621 1726 1663 Roma-

248 1700 390 1727 norum
412 1699 530 1725 usum
550 1687 773 1726 confectum
794 1695 832 1727 et
854 1688 955 1738 quod
977 1687 1113 1726 multis
1132 1686 1286 1737 elapsis
1307 1683 1456 1723 seculis
1474 1695 1555 1720 non
1576 1687 1727 1720 tantam

251 1743 445 1798 injuriam
473 1750 682 1794 expertum
709 1751 792 1794 est,
832 1751 875 1783 ut
891 1744 955 1783 vel
981 1743 1120 1795 aliqua
1148 1743 1234 1795 ejus
1260 1753 1359 1793 pars
1391 1738 1644 1779 intercideret
1664 1736 1728 1776 vel

253 1800 401 1850 alienis
423 1800 623 1852 capitibus
651 1813 677 1842 a
705 1801 885 1841 librariis
916 1801 1241 1852 interpolaretur.
1300 1798 1406 1838 Nam
1431 1797 1462 1837 Ι.
1484 1795 1604 1844 Cdd.,
1635 1807 1728 1834 ver-

254 1858 391 1898 sioues
420 1864 598 1898 vetustae
629 1865 666 1897 et
696 1856 774 1899 PP.
801 1858 945 1899 eccles,
977 1858 1149 1897 sedecim
1176 1857 1262 1897 illis
1291 1854 1497 1905 capitibus
1526 1864 1647 1891 unam
1676 1852 1728 1890 ad

252 1914 375 1956 Rom.
396 1914 609 1966 epistolam
632 1915 793 1955 absolvi
815 1917 1049 1955 documento
1076 1921 1183 1955 suut.
1241 1911 1467 1960 Marcioni,
1497 1909 1652 1948 famoso
1675 1907 1729 1947 li-

254 1973 420 2014 brorum
445 1986 503 2015 ss.
523 1972 826 2023 interpolatori,
867 1971 933 2025 qui
955 1978 1118 2012 auctore
1138 1971 1312 2022 Origene
1331 1967 1515 2023 (Rufino)
1538 1966 1586 2005 ad
1608 1964 1729 2007 Rom.

257 2029 328 2080 16,
347 2029 418 2072 25.
459 2034 496 2068 et
523 2028 700 2069 nobilem
728 2030 985 2081 doxologiam
1010 2029 1078 2080 16,
1106 2027 1348 2077 25.—27.‚
1387 2031 1423 2064 et
1456 2029 1581 2062 totum
1607 2027 1731 2072 caput

257 2086 328 2128 15.
351 2090 389 2125 et
412 2085 480 2128 16.
504 2087 724 2137 expunxit,
765 2087 880 2126 nulla
907 2086 1004 2126 fides
1034 2093 1107 2126 est.
1175 2083 1378 2125 Credibile
1408 2087 1489 2131 est,
1527 2079 1731 2119 hominem

258 2154 515 2194 quaeeunque
539 2143 624 2183 suis
646 2143 905 2194 opinionibus
929 2145 1241 2183 adversarentur
1264 2141 1428 2180 licenter
1450 2138 1615 2176 eradere
1638 2149 1732 2175 sue-

259 2206 343 2242 tum
364 2199 622 2253 doxologiam
651 2201 699 2240 ob
726 2213 764 2243 V.
788 2202 856 2253 16,
878 2201 950 2244 26.
980 2224 1037 2230 —
1072 2197 1158 2241 διά
1189 2214 1239 2240 τε
1267 2195 1483 2250 γραφῶν
1512 2207 1733 2247 προφη-

259 2260 414 2297 τικῶν
444 2280 501 2287 --
538 2257 833 2311 γνωριςθέντος
871 2265 908 2297 ct
936 2270 1027 2308 cap.
1060 2257 1128 2298 15.
1159 2263 1196 2295 et
1227 2254 1295 2295 16.
1336 2251 1485 2291 idcirco
1516 2250 1734 2302 abjecisse,

262 2314 365 2365 quod
399 2316 577 2354 ineunte
605 2328 667 2365 cp.
691 2315 758 2357 15.
789 2322 844 2363 (v.
868 2313 1075 2367 l.—ll.)
1108 2311 1304 2352 nonnulla
1332 2307 1381 2349 V.
1407 2307 1457 2348 T.
1486 2307 1518 2348 l.
1546 2307 1735 2347 citantur.

262 2368 558 2410 Tertullianum
588 2385 625 2412 e.
647 2372 714 2413 15.
742 2378 780 2410 et
806 2371 874 2413 16.
910 2372 962 2410 ab
997 2384 1063 2421 ep.
1092 2372 1141 2409 ad
1173 2370 1290 2408 Rom.
1323 2364 1541 2405 seclusisse
1573 2363 1736 2403 minime

265 2438 316 2465 ex
339 2439 385 2465 eo
409 2427 602 2478 eflicitur,
644 2429 748 2480 quod
771 2430 861 2468 adr.
886 2429 1019 2470 Marc.
1040 2427 1080 2477 5,
1102 2426 1172 2467 30.
1205 2438 1243 2476 p.
1268 2423 1368 2464 319.
1390 2424 1452 2462 ed.
1476 2421 1574 2461 Bas.
1597 2421 1735 2460 Iocum

265 2482 383 2522 Rom.
397 2482 465 2535 14,
479 2484 548 2528 10.
563 2480 620 2525 ita
642 2485 785 2537 tetigit,
817 2491 857 2524 ut
876 2499 963 2526 eum
982 2485 1023 2524 in
1042 2482 1239 2534 epistolae
1256 2479 1458 2520 clausule?
1479 2477 1559 2529 legi
1572 2477 1734 2518 diceret.

266 2539 500 2590 Disputavit
527 2541 632 2580 enim
659 2555 749 2581 cum
776 2542 1011 2592 Marcione,
1067 2539 1133 2591 qui
1164 2535 1349 2578 truncata
1381 2535 1524 2575 nostra
1559 2533 1735 2586 epistola

266 2596 384 2637 Rom.
411 2596 480 2647 14,
513 2597 582 2638 10.
621 2611 720 2638 saue
749 2599 890 2638 habuit
921 2600 963 2638 iu
995 2596 1194 2637 clausula.
1252 2592 1488 2635 Euthalium
1514 2599 1643 2631 autem
1669 2590 1734 2641 qui

269 2666 346 2703 quo
369 2653 395 2693 1.
418 2653 613 2704 epistolae
634 2662 911 2706 argumentum
941 2654 1129 2705 exposuit
1153 2666 1187 2694 c.
1210 2651 1280 2693 16.
1305 2650 1467 2690 silentio
1490 2649 1649 2688 transiit
1676 2649 1736 2699 (v.

267 2711 499 2762 Zacagm'i
518 2710 776 2751 Collectanea
803 2724 975 2751 monum.
999 2717 1174 2751 veterum
1194 2707 1389 2756 ecclesiae
1413 2720 1475 2757 gr.
1498 2712 1535 2745 et
1559 2705 1627 2745 lat.
1651 2705 1736 2744 Ro-

270 2780 356 2808 mae
377 2768 502 2809 1698.
516 2768 557 2810 4.
584 2768 730 2819 p.573.
751 2768 871 2821 576.)
901 2782 934 2809 c.
950 2769 1017 2809 16.
1036 2769 1085 2806 ad
1107 2780 1169 2818 ep.
1189 2767 1239 2806 ad
1261 2765 1379 2804 Rom.
1399 2762 1598 2804 rettulisse
1620 2775 1670 2800 ex
1691 2775 1736 2799 eo

271 2825 572 2876 cognoscimus,
619 2826 720 2878 quod
753 2825 873 2877 hujus
909 2839 970 2878 cp.
1002 2825 1183 2865 versibus
1216 2822 1432 2862 numeratis
1461 2819 1657 2873 epistolae
1687 2818 1738 2860 ad

1183 2890 1238 2944 (3
1262 2888 1318 2943 *)
