1752 3347
200 139 285 180 310
478 128 862 174 Et’lsToLA
894 129 997 173 AD
1029 130 1393 188 nonANos

200 239 411 283 scientiae
423 237 701 297 praescripta
719 236 852 280 vitam
870 250 954 279 non
973 235 1372 280 accommodassent
1392 238 1434 292 2,
1449 240 1666 298 1⁴.sq.†‘).

198 302 374 356 Aperte
403 296 519 340 enim
541 293 596 341 P.
622 295 666 341 h.
684 295 719 338 l.
748 292 829 351 τὴν
855 288 1074 351 ἁμαρτίαν
1099 309 1126 336 a
1152 294 1206 351 τῇ
1225 290 1482 352 παραβάσει
1500 295 1664 342 discer-

244 463 282 508 '7
290 462 607 544 ei⁵²a¹‘1‘›³‘³031¹1¹2?1?3
624 456 1289 548 Essl¹253255⁹⁰sslissss²szr¹25q325¹53,
1305 455 1667 547 Ἔὲἶῖἷῗέἒὲῗῗωῗξ

291 561 343 599 (v,
361 556 483 601 supra)
511 554 563 598 τῷ
583 549 642 596 ὃμ.
666 564 697 585 τ.
719 545 819 584 π.Ἀ.
847 562 909 584 eos
937 549 1008 583 dici
1037 555 1155 595 putat,
1181 550 1242 595 qui
1273 562 1345 584 non
1373 517 1519 596 qisidem
1549 519 1667 597 legem

289 602 431 637 Adatno
460 600 578 634 datam
605 598 649 631 de
675 597 799 630 fructu
825 595 964 630 arboris
991 608 1064 629 non
1094 595 1308 630 demetenda
1337 597 1566 642 migrassent,
1603 598 1666 632 sed

290 647 376 683 alias
408 652 530 679 tamen
555 643 787 690 παρανομίας
813 641 1075 678 commisissent
1114 642 1174 684 (τὸ
1198 639 1364 687 ὁμοίωμα
1396 646 1667 688 aequalitate-m

289 691 498 734 enarravit).
547 690 770 726 Sententiam
789 688 870 722 satis
888 687 1044 733 jejunam
1067 689 1230 734 perplexe
1249 687 1289 722 P.
1308 691 1537 723 enuntiasset.
1573 689 1664 723 Am-

289 738 441 784 biguum
463 735 560 771 enim
587 744 639 771 est
663 735 704 771 τὸ
723 732 887 780 ὁμοίωμα
908 747 939 769 τ.
958 730 1089 776 π.Ἇ,,
1114 747 1223 780 quum
1252 747 1315 780 per
1345 735 1593 780 aequalitatem
1620 735 1665 768 ali

287 786 430 820 Adamo
451 783 635 818 commissi
655 794 730 816 non
751 782 778 816 is
796 779 1051 815 tantummodo
1070 787 1213 826 peccet,
1236 780 1297 825 qui
1326 779 1437 825 legem
1459 781 1501 814 ab
1520 782 1665 816 Adanu»

287 829 455 864 violatam
475 835 509 863 et
526 829 601 875 ipse
620 829 760 874 migret,
779 840 905 863 verum
926 826 1032 860 etiam
1055 827 1114 871 qui
1134 827 1218 860 alias
1237 827 1330 870 leges
1350 826 1390 859 ea
1408 833 1528 861 mente
1545 826 1667 869 violet,

286 889 380 924 quae
400 875 539 910 Adamo
558 875 677 908 suerit.
727 873 920 919 Perspicue
939 873 1003 906 ista
1020 872 1194 906 sententia
1211 871 1265 906 his
1285 885 1316 906 v.
1339 872 1487 929 exprimi
1507 880 1664 918 poterat:

286 942 334 950 ·—-
356 923 418 958 καὶ
435 922 499 957 ἐπὶ
514 922 599 962 τοὺς
615 919 666 966 μὴ
684 917 926 967 παραβάντας
953 918 1018 961 τὴν
1044 912 1193 960 ἐντολὴν
1217 918 1281 952 τοῦ
1298 913 1427 961 Ἄδαμ.
1476 919 1665 964 Augustini.

285 969 329 1004 de
356 974 490 1015 peccat.
520 981 611 1002 mer.
641 973 676 1001 et
704 966 915 1001 remissione
946 966 977 1006 1,
1001 965 1055 1005 11,
1079 964 1133 999 13.
1163 962 1225 1007 (cl.
1253 975 1311 1007 ep.
1330 963 1408 1007 157,
1430 965 1485 997 19.
1507 965 1549 998 ad
1570 964 1665 998 Hila-

284 1016 398 1055 rium)
421 1013 507 1055 τοὺς
534 1013 584 1059 μὴ
611 1011 894 1060 ἁμαρτήσαντας
917 1011 981 1046 ἐπὶ
1006 1011 1055 1056 τῷ
1085 1007 1146 1054 ὅμ.
1165 1023 1196 1044 τ.
1215 1023 1258 1044 π.
1277 1006 1332 1044 'A.
1359 1023 1419 1045 eos
1447 1022 1522 1043 esse
1541 1011 1664 1051 credit,

285 1062 349 1108 qui
366 1074 441 1096 non
461 1059 523 1095 sus
539 1062 719 1094 voluntate
741 1063 964 1106 peccassent,
990 1062 1027 1089 ut
1039 1057 1212 1098 Adamus,
1235 1057 1295 1090 sed
1316 1057 1359 1090 ab
1373 1056 1513 1090 Adamo
1529 1068 1665 1098 pecca-

285 1115 368 1142 tum
394 1109 573 1151 originale
601 1109 821 1140 traxissent.
869 1104 989 1148 Quem
1017 1102 1142 1142 Bau,
1172 1103 1365 1146 calixtus,
1392 1103 1540 1144 Culum,
1567 1102 1665 1135 Cor-

283 1157 357 1188 nel.
376 1168 401 1188 a
419 1154 582 1197 Lupiae,
611 1152 726 1196 W'offl
744 1151 790 1186 al.
809 1151 857 1184 ita
877 1147 1017 1193 sequuti
1035 1154 1130 1188 sunt,
1159 1155 1197 1181 ut
1217 1148 1300 1189 τοὺς
1318 1149 1368 1192 μὴ
1386 1144 1668 1194 ἁμαρτήσαντας

285 1201 348 1238 ἐπὶ
367 1203 415 1236 τῶ
433 1197 492 1242 ὄμ.
506 1214 538 1235 τ.
555 1194 775 1243 π.’Λ.]ειυε
794 1202 828 1230 et
846 1196 1009 1239 insontes
1025 1193 1151 1228 vocari
1168 1199 1346 1241 putarent,
1372 1195 1431 1248 qui
1452 1207 1525 1228 non
1544 1193 1665 1229 scieu-

283 1252 338 1281 tes
368 1237 411 1281 ac
437 1247 631 1300 prudentes
659 1251 697 1278 ut
720 1244 880 1278 Adamus
910 1240 1009 1273 nefas
1037 1239 1217 1282 facerent,
1249 1241 1309 1274 sed
1341 1253 1496 1287 primum
1531 1240 1596 1274 sati
1629 1247 1664 1275 et

283 1299 451 1338 concepti
477 1292 628 1338 peccati,
654 1290 751 1336 quod
774 1286 906 1322 Adami
936 1286 1066 1320 lumbis
1091 1286 1221 1320 inclusi
1247 1286 1334 1321 olim
1363 1292 1582 1333 patrassent,
1609 1286 1661 1321 rei

282 1345 400 1374 essent
417 1346 451 1373 et
470 1337 632 1383 corrupti
651 1333 962 1379 deterioribusque
982 1331 1144 1366 inclinati
1169 1340 1243 1366 tum
1267 1332 1304 1366 in
1323 1332 1446 1367 matris
1464 1339 1567 1366 utero
1590 1333 1662 1366 fin-

281 1390 473 1428 gerentur,
494 1391 572 1417 tum
593 1383 629 1416 in
648 1383 765 1416 lucem
784 1379 988 1414 ederentur.
1036 1377 1133 1412 Haec
1162 1378 1286 1424 opinio
1307 1378 1459 1412 absurda
1479 1385 1551 1423 est,
1577 1378 1663 1425 quia

279 1430 308 1464 ii
332 1430 587 1465 tantummodo
616 1428 788 1463 dicuntur
808 1423 1055 1472 ἁμαρτάνειν,
1079 1423 1141 1470 qui
1170 1432 1257 1458 actu
1283 1431 1433 1470 peccant
1460 1425 1530 1458 nati
1550 1431 1584 1458 et
1601 1424 1660 1459 ad-

277 1475 348 1511 ulti
366 1477 416 1520 (v.
437 1482 513 1510 not.
536 1488 569 1521 p.
581 1474 746 1519 290sq.).
792 1472 965 1511 Accedit,
988 1470 1085 1516 quod
1103 1469 1138 1504 h.
1157 1470 1180 1504 l.
1202 1471 1245 1504 de
1270 1478 1432 1513 tempore
1450 1470 1543 1504 inter
1559 1470 1659 1505 Ada-

277 1534 381 1557 mum
397 1529 432 1557 et
448 1521 581 1556 Mosen
606 1520 798 1564 interjecto
819 1518 957 1563 agitur,
986 1528 1061 1549 non
1081 1517 1252 1549 sententia
1271 1516 1454 1561 profertur
1474 1516 1518 1549 ad
1539 1517 1660 1562 quod-

280 1569 330 1602 vis
350 1575 491 1613 tempus
511 1567 705 1613 pertinens.
755 1564 913 1598 Grotius
934 1559 1158 1606 ἁμαρτάνειν
1174 1563 1236 1596 ἐπὶ
1254 1563 1301 1608 τῷ
1321 1561 1379 1606 ὸμ.
1399 1575 1428 1596 τ.
1448 1557 1544 1596 n.'.-1.
1566 1575 1659 1605 gra-

278 1616 379 1648 viter
395 1614 609 1657 delinquere
627 1609 809 1656 explanat,
835 1614 874 1641 ut
900 1607 936 1643 οἱ
956 1608 1005 1651 μὴ
1034 1605 1308 1653 ἁμαρτήσαντες
1326 1610 1387 1643 ἐπὶ
1406 1610 1456 1654 τῷ
1479 1604 1538 1652 ὅμ.
1561 1623 1593 1644 τ.
1614 1622 1661 1644 π.

273 1658 324 1696 'A.
346 1659 415 1694 viri
467 1659 546 1693 rohi
575 1657 666 1700 sint,
692 1656 753 1702 qui
782 1653 870 1689 nihil
899 1654 1013 1688 simile
1032 1654 1177 1688 Adamo
1203 1655 1474 1698 commiserint,
1510 1662 1547 1688 ut
1566 1655 1659 1690 Abel

280 1713 318 1740 et
345 1672 584 1740 AbraEamus.
645 1706 693 1737 At
725 1701 858 1735 atrocia
889 1698 1074 1743 facinora,
1108 1713 1197 1746 quae
1229 1707 1357 1734 contra
1385 1700 1498 1745 legem
1529 1701 1657 1746 aliquis

280 1750 524 1790 commiserit,
561 1762 645 1784 cum
674 1747 804 1783 Adami
831 1746 990 1780 facinore
1019 1746 1219 1792 comparari
1246 1747 1360 1780 solere
1390 1747 1496 1780 Grae.
1520 1748 1660 1791 sumsit,

277 1811 355 1833 non
384 1796 640 1830 demonstravit
665 1795 771 1829 citato
800 1793 883 1827 loco
912 1792 997 1826 lios.
1016 1791 1051 1837 6,
1070 1793 1123 1832 7.,
1154 1791 1216 1838 qui
1243 1805 1317 1826 rem
1338 1804 1412 1826 non
1432 1793 1659 1836 comprobat.

283 1843 520 1878 Weestem'us
537 1841 587 1885 μὴ
602 1840 811 1887 ἀμαρτῆσαι
833 1839 895 1874 ἐπὶ
914 1839 961 1883 τῷ
981 1836 1040 1881 ὀμ.
1059 1852 1090 1873 τ.
1111 1852 1147 1872 n.
1167 1844 1214 1872 A.
1231 1841 1377 1871 nullum
1386 1838 1544 1881 facinus
1560 1851 1657 1871 com-

277 1891 444 1932 misisse,
479 1900 593 1931 quum
623 1886 866 1920 convulsisset
895 1886 1091 1921 Adamas,
1119 1884 1182 1925 pie
1209 1886 1366 1924 vu'xisse,
1398 1896 1512 1926 quum
1543 1885 1657 1926 impie

278 1937 414 1979 egisset
447 1936 622 1967 Adamas
651 1934 920 1976 interpretatur.
991 1928 1087 1962 Haec
1118 1927 1293 1963 sententia
1329 1942 1348 1963 a
1374 1929 1489 1962 verbis
1518 1938 1656 1964 remota

276 1988 331 2016 est
344 2006 354 2025 ,
379 1979 510 2026 quibus
528 1979 593 2023 τὴν
611 1977 793 2023 ἁμαρτίαν
811 1987 829 2009 a
847 1977 891 2023 τῇ
909 1973 1126 2021 παραβάσει
1152 1974 1322 2021 distingui
1352 1974 1582 2020 perspicuum
1604 1982 1660 2010 est

275 2029 324 2072 (v.
343 2028 477 2072 supra).
525 2026 566 2060 P.
588 2026 636 2060 ita
655 2023 815 2058 dixisset:
838 2039 878 2049 -ν
895 2024 957 2057 καὶ
974 2023 1038 2059 ἐπὶ
1056 2022 1140 2062 τοὺς
1165 2021 1214 2067 μὴ
1237 2018 1519 2068 ἁμαρτήσαντας
1542 2017 1658 2056 κατὰ

274 2073 358 2110 τὸν
374 2070 520 2117 Ἀδὰμ
554 2074 598 2116 (s.
628 2069 790 2111 καθὼς
814 2067 1023 2114 ἥμαρτεν
1041 2064 1195 2113 Ἀδάμ)
1221 2067 1262 2109 ὅς
1279 2070 1356 2104 ἐστι
1379 2081 1412 2103 τ.
1431 2081 1462 2103 τ.
1481 2081 1534 2112 μ..
1584 2067 1656 2102 Ce-

273 2126 393 2155 terum
413 2118 572 2153 Mortem
593 2119 712 2152 multo
729 2117 841 2150 latius
856 2128 1007 2161 regnum
1026 2128 1129 2149 suum
1157 2114 1356 2150 exercuisse
1386 2127 1494 2160 quam
1524 2126 1654 2158 pecca-

275 2172 378 2210 tum,
402 2177 515 2210 quum
542 2177 617 2199 non
648 2163 766 2197 solum
793 2162 958 2195 homines
990 2161 1145 2207 improbi
1170 2173 1294 2194 verum
1324 2160 1428 2194 etiam
1453 2159 1558 2205 probi
1578 2173 1655 2194 mo-

276 2218 447 2247 rerentur
471 2215 520 2253 (v.
545 2210 696 2253 Weest.)
722 2209 749 2243 si
778 2207 819 2242 P.
843 2207 876 2243 h.
898 2209 920 2242 Ι.
943 2208 1110 2251 doceret,
1137 2208 1178 2241 ab
1206 2219 1243 2241 se
1269 2206 1347 2253 ipso
1376 2206 1561 2241 dissideret
1588 2204 1656 2248 (cs.

274 2271 313 2298 v.
332 2260 421 2296 12).
467 2258 638 2292 Reicltius
657 2256 720 2299 (cf.
743 2254 975 2300 Limlwrcli.)
995 2255 1079 2295 τοὺς
1097 2255 1146 2298 μή
1172 2250 1454 2298 ἁμαρτήσαντας
1479 2253 1540 2289 ἐπὶ
1566 2265 1598 2288 τ.
1619 2250 1656 2287 ὁ.

275 2319 311 2342 τ.
331 2318 372 2340 π.
386 2302 440 2339 Ἄ.
459 2317 520 2339 eos
538 2303 613 2338 vult
630 2300 782 2345 intelligi
800 2325 810 2343 ,
837 2301 898 2346 qui
918 2301 964 2335 ita
989 2307 1214 2347 peccassent,
1240 2307 1279 2334 ut
1301 2300 1400 2334 Deus
1425 2300 1467 2334 iis
1497 2305 1654 2332 mortem

275 2365 354 2387 non
380 2351 531 2392 diserte,
562 2355 600 2383 ut
619 2350 760 2383 Adamo
789 2346 882 2381 Gen.
903 2349 936 2390 52,
960 2349 1035 2390 17.‚
1070 2346 1253 2380 minitatus
1281 2352 1391 2386 esset,
1423 2345 1451 2380 si
1477 2344 1655 2388 deliquis-

274 2404 367 2433 sent.
413 2396 494 2431 lloc
513 2396 684 2431 nimirum
707 2399 779 2427 est:
804 2395 866 2429 ἐπὶ
885 2394 970 2435 τοὺς
987 2398 1038 2439 μὴ
1053 2390 1334 2439 ἁμαρτήσαντας
1358 2393 1418 2428 ἐπὶ
1447 2393 1494 2438 τῷ
1519 2386 1656 2435 ὁμοιώ-

276 2458 364 2489 ματι
391 2444 472 2485 τῆς
491 2439 513 2478 ἆ
527 2442 661 2485 πειλῆ
676 2454 692 2482 ς
708 2434 838 2483 Ἀδάμ.
887 2444 1027 2486 Argute
1054 2440 1226 2474 schottus
1255 2440 1275 2473 l.
1295 2453 1326 2475 c.
1350 2452 1385 2484 p.
1406 2437 1487 2473 343.
1507 2450 1562 2482 sq.
1591 2437 1652 2471 ho-

276 2490 477 2535 mines'qui
493 2491 535 2524 ab
549 2489 688 2523 Adamo
708 2498 822 2530 usque
838 2487 880 2521 ad
901 2487 1030 2520 Mosen
1048 2486 1216 2522 vixissent
1235 2499 1276 2520 eo
1296 2486 1365 2519 dici
1380 2485 1429 2530 μὴ
1446 2482 1653 2529 ἆμαρτῆοσι

278 2539 339 2572 ἐπὶ
363 2551 394 2572 τ.
413 2535 472 2582 ὀμ.
495 2549 528 2571 τ.
548 2531 649 2570 n.'A.
678 2533 863 2580 perhibet,
889 2533 987 2579 quod
1015 2540 1224 2579 peccassent
1249 2532 1322 2566 (liv.
1343 2532 1565 2566 institutione
1588 2529 1650 2563 de-

277 2582 409 2628 stituti,
434 2583 574 2628 qualem
592 2581 771 2615 habuisset
791 2580 953 2615 Adamus
981 2579 1058 2615 h.c.
1083 2591 1172 2625 quae
1203 2591 1244 2612 eo
1273 2579 1403 2612 valeret
1434 2584 1471 2610 ut
1499 2573 1647 2610 homini·

276 2628 344 2662 bus
373 2628 546 2675 improbis
566 2633 707 2674 peccata
729 2626 898 2672 imputari
919 2633 1078 2671 possent.
1126 2625 1262 2663 Nempe
1284 2624 1414 2658 Adami
1432 2625 1467 2657 in
1489 2619 1648 2668 paradiso

301 2672 380 2707 ositi
400 2677 506 2710 vitam
527 2677 602 2708 mni
628 2673 697 2710 Dei
720 2673 795 2715 loge
826 2672 1018 2718 gubernari
1049 2668 1229 2717 potuisse{
1251 2671 1310 2704 sed
1331 2669 1459 2704 Adntui
1490 2672 1647 2720 posteros

272 2686 368 2754 ¹[iacui
385 2720 611 2754 innocentiae
629 2721 765 2765 jacturfi
787 2721 830 2754 ad
850 2719 962 2765 legem
984 2719 1178 2752 naturalem
1199 2717 1381 2750 surdiores
1400 2714 1555 2749 reddum
1582 2723 1646 2755 1⁸³-

1745 1259 1752 1317 ij

279 2765 427 2811 disoquc
448 2767 626 2808 exclusos,
650 2774 688 2800 ut
709 2773 802 2803 recte
827 2767 872 2799 ob
898 2773 1042 2810 peccata
1069 2763 1304 2809 punirentur,
1329 2763 1475 2803 coln'osd
1496 2757 1563 2792 „¹⁵¹
1594 2758 1646 2789 5¹¹*

276 2813 460 2848 stitutione
489 2812 678 2858 multisque
705 2811 903 2860 praeceptis
937 2810 1143 2858 indiguisse,
1211 2809 1354 2855 Quibus
1389 2804 1550 2842 nondum
1585 2816 1641 2848 pet
