1752 3347
220 115 308 159 :354
506 110 892 154 EPISTOLA
923 112 1026 154 AD
1058 111 1422 159 ROMANOS

225 218 424 271 oppetenda
453 217 530 263 (qui
550 218 657 263 igitur
672 230 772 252 mors
792 217 923 253 iterum
942 218 1127 253 Christum
1148 219 1342 265 affligat?);
1375 230 1484 265 quam
1500 227 1618 256 autem
1644 223 1699 257 vi-

226 273 296 299 tam
317 264 429 308 vivit,
454 276 494 298 ea
511 265 554 298 ad
581 266 711 305 Deum,
735 276 871 298 numen
888 267 1161 308 sempiternum
1180 258 1333 299 refertur
1351 266 1397 308 (v.
1419 267 1474 300 10.
1499 277 1573 299 non
1592 267 1601 298 i
1629 268 1700 302 tut·

223 289 429 344 v’erendum
439 317 510 356 est,
538 323 587 344 ¹ne
610 310 771 344 Christus
792 311 871 344 Deo
899 312 1021 345 vivens
1044 311 1236 363 aliquando
1257 311 1465 353 moriatur).
1514 310 1574 344 Sic
1599 313 1648 354 (.

223 364 261 390 ut
283 356 445 390 Chiistus
465 362 610 402 peccato
628 356 740 389 semel
758 363 923 391 moi-tuus
942 357 1021 390 Deo
1047 356 1146 401 xixti)
1170 370 1230 391 vos
1249 369 1414 403 quoque,
1440 356 1609 399 Romani,
1627 356 1700 390 exi·

223 403 402 436 stimatote
429 414 490 436 xos
516 409 680 436 mortuos
708 409 876 447 peccato,
920 403 1080 439 viventes
1103 404 1184 437 Deo
1217 406 1264 444 (v.
1283 405 1367 445 11..)
1433 402 1558 458 Quum
1586 403 1702 445 igum-

222 446 396 486 refutata,
422 460 537 504 quarn
549 461 580 482 v.
606 450 636 482 1.
656 448 863 494 posuimus,
895 447 1101 491 objectione
1119 463 1148 484 v.
1169 450 1191 483 Ξ
1209 462 1290 496 sqq.
1313 461 1378 483 vos
1399 461 1439 482 ex
1460 447 1527 482 vitxi
1548 448 1702 493 turpitu-

223 494 299 528 dini
330 492 541 528 consecrata
569 493 664 540 piam
693 506 782 540 quae
813 494 892 529 Deo
921 495 1080 535 dicetur,
1121 495 1227 530 vitam
1266 495 1385 530 iniisse
1417 495 1454 528 in
1482 500 1631 539 promtu
1656 494 1702 528 sit

223 545 267 585 (v.
289 542 342 575 11.
347 542 381 585 )‚
414 539 614 581 enitimini,
646 546 684 574 ut
705 552 768 574 vos
794 540 1014 597 improbitati
1045 541 1267 587 valedixisse,
1303 541 1422 576 Deum
1445 547 1506 574 aut
1531 541 1700 574 virtutem

220 593 319 621 totos
339 585 522 629 amplexos
545 599 620 620 esse
639 599 678 620 ex
701 583 769 619 vita
787 585 902 622 vestra
922 593 954 620 et
973 587 1136 621 moribus
1159 588 1269 633 possit
1292 587 1462 633 cognosci
1483 589 1532 629 (v.
1547 584 1700 630 1213).

220 634 322 668 Nam
340 638 378 666 ut
399 631 590 666 Peccatum
611 644 672 666 vos
692 633 866 678 gubernet
889 645 950 667 vos
975 645 1048 667 non
1069 645 1306 668 concessuros
1325 646 1399 668 esse
1419 646 1455 667 ex
1477 646 1519 667 eo
1539 631 1701 669 confido,

221 678 319 726 quod
339 678 435 722 (estis
455 677 552 711 enim
572 678 736 712 homines
752 679 872 714 christ.
884 705 894 720 ,
917 691 990 713 non
1010 679 1156 722 Judaei)
1177 692 1250 713 non
1269 681 1336 725 legi
1366 693 1455 714 mos.
1477 679 1606 731 paretis
1624 677 1700 721 (cui
1751 702 1752 708 η

220 732 259 760 ut
282 724 436 759 Peccato
463 736 617 771 regnum
643 725 923 769 amplificaretur
949 725 1199 771 promulgatae
1220 727 1250 766 5,
1269 727 1324 760 ΞΟ.
1344 727 1399 760 21.
1428 737 1488 770 qut
1510 726 1700 770 obteinpe-

218 777 298 806 rant
326 775 488 805 excusate
515 783 663 817 peccare
684 771 908 815 videantur),
942 771 1002 806 sed
1032 771 1104 806 div.
1122 752 1332 806 clementiae
1360 776 1410 813 (v.
1432 772 1488 805 14.
1515 771 1557 804 ad
1587 782 1698 816 quam

218 817 279 864 qui
299 815 502 862 confugerit
520 829 602 851 eum
625 818 752 861 nizam,
785 830 893 860 quam
922 817 1147 870 improbitati
1169 824 1377 861 consectet,
1412 817 1547 851 nullam
1568 815 1698 851 habere

217 863 441 898 ostendimus
461 862 494 902 6,
513 864 627 909 qu..)
677 864 726 896 At
744 864 790 897 ob
808 863 876 897 id
868 877 996 916 ipsum,
1014 863 1152 907 inquit,
1181 876 1330 908 peccate
1351 863 1455 896 nobis
1475 863 1575 902 licet,
1598 861 1699 916 quod
1750 885 1752 890 .

216 922 293 943 non
313 909 426 954 legem
446 921 535 943 mos.
547 909 638 952 ,sed
658 909 730 945 div.
743 909 997 952 Clementiam,
1019 922 1088 954 qua
1108 890 1194 942 ni'hit
1216 909 1407 953 benignius
1425 913 1488 947 est,
1506 916 1698 943 rectricem

216 955 401 990 habemus.
465 955 562 989 Haec
594 955 752 1000 objectio
781 956 936 990 absurda
963 963 1036 997 est,
1080 968 1192 1001 quum
1214 957 1404 988 hominem
1431 955 1554 988 clu-im
1576 958 1698 988 exuat

217 1001 277 1046 qui
296 1000 470 1047 peccandi
487 969 667 1036 licentiam
695 1001 761 1035 sibi
782 1009 899 1035 sumat
924 1004 975 1043 (v.
990 1003 1041 1036 15.
1048 1004 1072 1042 ).
1122 1001 1274 1047 Nempe,
1298 1003 1325 1035 si
1347 1013 1496 1034 morum
1519 1000 1698 1034 rationem

216 1047 403 1090 habueris,
451 1054 510 1082 aut
542 1047 694 1081 Peccato
723 1054 782 1082 aut
802 1047 926 1082 Pietati
953 1047 1088 1082 servias
1117 1059 1260 1082 necesse
1286 1054 1338 1082 est
1365 1048 1418 1092 (v.
1442 1047 1526 1088 16.).
1584 1044 1698 1089 Atqui

216 1095 323 1139 (quae
344 1093 415 1128 Dei
443 1093 644 1140 benignitas
666 1099 718 1128 est
743 1101 842 1139 grato
866 1092 970 1127 nobis
989 1092 1111 1146 anim-o
1133 1094 1360 1138 celebranda)
1386 1106 1404 1127 e
1423 1092 1566 1128 Peccati
1587 1091 1699 1125 mini-

214 1140 296 1174 stris
317 1139 503 1174 doctrinae
523 1123 640 1174 christ.
661 1140 796 1174 alumni
827 1139 1006 1173 exstitistis
1023 1145 1055 1172 et
1077 1139 1112 1172 in
1132 1140 1333 1173 libertatem
1357 1153 1374 1174 a
1395 1139 1549 1174 Peccato
1573 1137 1698 1174 vindi·
1724 1172 1726 1174 .

215 1185 283 1220 cati
303 1187 531 1228 emancipati
546 1186 626 1220 estis
646 1185 772 1220 Pietati
793 1187 841 1228 (v.
865 1185 918 1218 17
940 1186 995 1221 18.
1002 1186 1030 1228 ).
1080 1184 1244 1220 Humana
1264 1198 1350 1221 voce
1367 1193 1451 1220 utor
1472 1192 1619 1231 propter
1637 1184 1699 1217 in-

213 1231 309 1277 genii
329 1232 440 1268 vestri
460 1232 664 1266 tarditatem
688 1232 871 1277 animique
893 1231 1160 1268 hebetudinem.
1218 1232 1357 1278 Nempe
1377 1234 1431 1277 (ut
1450 1245 1525 1266 rem
1545 1243 1698 1266 accura-

211 1278 284 1312 tius
309 1279 511 1323 explanem)
546 1279 854 1330 quemadmodum
883 1274 1089 1312 exhibuistis
1117 1279 1280 1312 membra
1310 1286 1427 1313 xestra
1457 1277 1700 1328 ernancipatfa

212 1323 414 1370 Impuritati
444 1330 478 1358 et
499 1323 733 1377 Improbitati
763 1324 835 1358 hoc
861 1323 1008 1364 effectu,
1048 1331 1086 1358 ut
1114 1325 1282 1371 improbe
1310 1325 1401 1359 saeta
1423 1337 1513 1368 quae
1533 1320 1699 1369 patrastis

211 1376 470 1414 nascerentur,
498 1370 544 1405 ita
564 1383 663 1404 nunc
686 1370 846 1404 exhibete
864 1376 961 1404 artus
986 1376 1126 1406 vesti-os
1147 1373 1402 1413 emancipatos
1419 1370 1623 1412 Probiana,
1658 1374 1699 1403 ut
1747 1393 1752 1403 .

211 1416 325 1450 sancti
347 1415 438 1450 fiatis
461 1429 498 1449 ex
520 1415 671 1463 pollutis
699 1417 750 1459 (v.
777 1417 857 1461 19).
907 1417 1053 1451 Scilicet
1078 1429 1189 1462 quum
1210 1417 1299 1451 servi
1321 1431 1371 1451 es<
1377 1418 1440 1451 etis
1461 1415 1623 1455 Peccati,
1644 1415 1697 1448 11‘-

211 1463 291 1496 beri
305 1463 420 1496 eratis
440 1462 666 1506 Ηοηεειοιί,
693 1475 799 1508 quam
821 1461 908 1497 nihil
930 1464 1106 1497 curabatis
1126 1465 1178 1506 (v.
1199 1465 1288 1507 io..)
1341 1463 1439 1497 Nulli
1461 1464 1580 1505 igitur
1593 1441 1645 1506 (h.
1663 1473 1696 1495 e.

211 1515 250 1542 ut
270 1508 367 1541 unde
388 1507 576 1560 profectus
598 1522 678 1543 sum
698 1522 740 1542 eo
759 1514 921 1543 revertar
939 1510 1054 1546 v.l7.
1079 1510 1151 1553 18.)
1173 1510 1273 1543 xohis
1301 1523 1404 1555 prava
1430 1509 1567 1552 studia,
1605 1519 1698 1553 quae
1746 1517 1752 1523 ·

212 1554 298 1588 olim
318 1554 469 1589 exercita
488 1567 588 1588 nunc
608 1553 708 1588 uobis
731 1555 855 1588 rubori
875 1562 970 1596 sunt,
990 1555 1120 1601 quippe
1138 1555 1173 1588 in
1197 1562 1351 1589 mortem
1370 1556 1524 1594 exitura,
1558 1553 1696 1587 emolu·

210 1605 335 1634 mento
355 1607 476 1642 etant3
505 1601 565 1634 sed
585 1613 683 1634 nunc
701 1599 791 1635 vitae
811 1601 948 1634 ratione
971 1599 1192 1635 commutant
1222 1601 1512 1635 emolumentum
1535 1605 1695 1633 xestrum

208 1645 346 1679 habetis
367 1647 563 1680 sanctitatis
583 1659 706 1692 spem,
742 1647 871 1680 exitum
894 1653 1012 1680 autem
1035 1648 1085 1680 rei
1116 1647 1222 1680 xitani
1244 1655 1424 1681 aetetnam
1451 1651 1501 1690 (v.
1521 1646 1580 1681 21.
1599 1646 1692 1689 22..)

208 1691 301 1726 Nam
321 1690 368 1724 ita
389 1704 445 1725 res
465 1698 672 1736 comparata
692 1698 764 1737 est,
794 1698 831 1725 ut
853 1692 1047 1726 Peccatum
1070 1705 1263 1735 nummos,
1291 1706 1381 1738 quos
1405 1692 1590 1739 peccando
1615 1705 1694 1726 me-

208 1737 348 1783 rueris,
380 1736 444 1771 tibi
477 1744 632 1771 mortem
666 1739 863 1784 persolvat,
895 1740 993 1772 Deus
1023 1739 1086 1771 tibi
1116 1743 1242 1784 (quum
1273 1739 1416 1772 nullum
1437 1744 1692 1773 ornamentum

208 1781 398 1827 merueris)
419 1783 517 1817 dono
536 1783 596 1816 det
616 1782 722 1817 vitam
746 1783 1003 1830 sempiternam
1023 1784 1156 1819 Christi
1175 1786 1376 1819 interuentu
1396 1786 1442 1828 (v-
1463 1785 1546 1829 23..)

310 1876 541 1928 V.1.T1'
557 1874 649 1927 οὖν
670 1879 961 1944 e'pofipaeeme
943 1879 1249 1942 ἐπιμένωμεν
1267 1884 1328 1942 τῇ
1351 1877 1587 1943 ἁμαρτία,
1610 1880 1695 1928 ι’να

208 1944 433 2012 ἡχᾶρις
419 1943 693 2010 πλεονάσῃ,·
739 1959 784 1998 2.
788 2015 816 2030 .
816 1946 884 2011 μὴ
906 1966 1123 2014 γενοιτο·
1168 1950 1292 1996 olm¹
1296 1967 1341 2002 ες
1371 1944 1694 2010 ἀπεθάνομεν
1748 1967 1752 1971 ·

1745 1268 1752 1306 l

1743 1317 1752 1383 ἰ

207 2036 267 2079 τῃ
288 2014 537 2081 ἁμαρτίᾳ,
572 2020 676 2070 πῶς
695 2016 762 2063 ἔτι
787 2013 1001 2079 ζήσομεν
1025 2019 1078 2065 ἐν
1100 2015 1256 2079 αὐτῇ;
1301 2027 1342 2066 3.
1369 2015 1480 2063 ''H'
1453 2020 1690 2082 (ιγνοεῖτε,
1735 2062 1746 2079 ,7

209 2085 284 2133 ὅτι
316 2084 423 2133 ὅσοι
445 2083 824 2148 ἐβαπτίσθημεν
846 2087 912 2139 εἷς
932 2084 1156 2150 Χριστὸν
1189 2085 1409 2166 [Ἰησοῦν
1412 2083 1437 2150 ]
1453 2122 1468 2142 ,
1519 2087 1584 2139 εἷς
1604 2084 1693 2134 τὸν

207 2150 439 2203 θάνατον
472 2153 628 2202 αὐτοῦ
668 2152 1071 2241 ἐβαπτίσθηιξεν·
1057 2192 1067 2211 ,
1116 2160 1160 2203 4.
1203 2151 1572 2240 ΣυιΙετάᾳΜιιιει
1603 2150 1693 2204 οὖν

209 2222 348 2286 αὐτῶ
368 2221 452 2271 διὰ
473 2227 564 2270 τοῦ
580 2221 926 2286 βαπτι’σ,ιιατος
945 2226 1010 2277 εἷς
1030 2223 1118 2271 τὸν
1138 2220 1245 2270 θάν
1236 2242 1392 2277 ἀΐων,
1428 2223 1477 2270 ι”ι
1481 2241 1512 2269 α
1536 2222 1691 2287 ὥςπερ
1727 2266 1736 2276 ,

207 2290 400 2357 ἠγερθη
431 2290 648 2354 Χριστὸς
678 2291 729 2339 ἐκ
766 2297 957 2355 νεκρῶν
989 2291 1072 2341 δια
1098 2297 1182 2354 τῆς
1208 2290 1351 2354 δόξῃ,
1380 2291 1688 2356 τοῦπατρὸς,

210 2358 341 2407 οὕτω
363 2358 447 2408 καὶ
465 2358 604 2422 ἡμεῖς
624 2361 677 2408 ἐν
696 2357 944 2423 καινότητι
971 2360 1095 2423 ζωῆς
1116 2358 1354 2443 nspmmtf
1360 2378 1538 2423 σωμεν.
1575 2369 1619 2410 5.
1632 2362 1689 2408 ΕΞ

207 2426 306 2492 γὰρ
338 2425 590 2492 σύμφυτοι
622 2425 900 2494 75761¹¹a1151¹
931 2435 1003 2493 τῷ
1035 2428 1309 2491 ὃμοιωματι
1345 2434 1434 2477 τοῦ
1458 2425 1688 2478 θαιάτου
1748 2474 1752 2489 ,

209 2495 389 2553 αὐτοῦ,
446 2496 569 2545 ἀλλὰ
598 2496 682 2545 καὶ
710 2502 795 2560 τῆς
825 2495 1141 2553 ἀναστάσεως
1171 2496 1418 2560 ἐσόιιεθα,
1470 2509 1513 2548 6.
1542 2502 1685 2546 τοῦτο

207 2581 560 2646 γινωσκοντες,
595 2565 668 2614 ὅτι
692 2565 716 2614 ὃ
737 2566 942 2621 παλαιὸς
959 2566 986 2630 ’ἦ
990 2586 1103 2629 μων
1127 2567 1188 2615 cir
1194 2569 1305 2631 θρω
1308 2586 1397 2621 ’τος
1418 2583 1511 2616 συν
1514 2582 1683 2615 εσταυ-

209 2628 395 2696 ρώθι]”
374 2653 454 2681 ινα
476 2653 670 2718 καταργ
672 2636 775 2698 ιΙθΓΙ
801 2635 857 2683 τὸ
889 2652 1033 2698 σωμτι
1055 2641 1141 2699 τῆς
1175 2655 1446 2698 squameas,
1484 2639 1573 2683 τοῦ
1589 2650 1683 2695 μη-
1736 2640 1745 2672 '=

207 2699 308 2748 κὲτι
330 2699 632 2752 ὃουλεύειν“
606 2709 735 2766 ημᾶς
760 2725 819 2787 τΙΙ
850 2702 1092 2770 αυαρτίᾳ·
1143 2715 1188 2753 7.
1216 2703 1241 2753 ὃ
1273 2704 1373 2771 γὰρ
1407 2701 1683 2752 ἀιοθανων

208 2767 518 2818 δεδικαιωται
556 2771 652 2820 ἀπὸ
676 2778 760 2834 τῆς
791 2772 1049 2836 ἁμαρτιας.
1126 2784 1167 2823 8.
1212 2776 1264 2822 ΕΙ
1288 2772 1341 2822 δὲ
1365 2766 1706 2846 ‹17531111011579
