1752 3347
213 109 299 152 396
494 103 877 148 EPISTOLA
911 105 1013 148 AD
1043 104 1408 150 ROMANOS

213 209 350 267 φύγηι
366 206 538 262 flatione„
568 210 641 253 hie
661 210 836 267 quidem
856 227 879 254 a
903 213 1075 267 Kypln‘o
1098 211 1323 270 deceptus.
1390 212 1561 271 Nempe
1581 214 1692 258 ἀπο-

212 263 395 321 θνήσκω
416 266 479 308 ihi
493 267 663 323 passive
681 268 848 310 dicitur
867 269 911 312 11.
941 285 1002 313 s.:
1041 284 1156 327 pono
1178 285 1243 311 me
1264 285 1286 311 a
1308 269 1384 311 tua
1410 270 1502 311 lilia
1522 284 1693 325 pessum

210 323 363 364 datum
382 337 472 366 esse
493 339 676 380 eamque
699 340 764 367 mc
784 325 1058 391 perdidisse3
1096 331 1188 368 tum
1219 342 1301 369 non
1324 341 1391 367 am
1429 327 1516 368 lius
1537 340 1692 370 cruen-

210 384 302 420 tum
329 380 475 422 caedis
496 383 714 438 piaculum
736 383 956 437 eflugerit.
1015 383 1084 426 Cf.
1106 382 1332 425 Matthiae
1360 398 1381 425 a
1436 384 1478 425 11.
1498 384 1547 427 1..

323 436 384 480 V.
410 440 479 481 11.
511 438 580 481 lta
604 453 715 480 nunc
735 439 848 482 hunc
868 441 923 492 l.,
955 455 1039 497 quo
1069 454 1216 482 sacrae
1235 440 1416 482 lotionis
1435 441 1519 481 vim
1543 445 1693 482 osten-

209 491 335 535 derat
354 508 394 538 v.
413 496 455 538 2.
479 510 576 553 sqq.
593 530 604 550 ,
646 496 740 553 Ap.
767 497 983 551 absolvit,
1022 502 1070 539 ut
1098 498 1315 539 sententia
1344 498 1541 555 proxime
1563 511 1692 554 prae-

209 550 366 604 gressa
385 567 425 594 v.
447 554 515 597 10.
543 556 585 595 in
616 555 807 596 lectores
835 555 961 596 versa
991 570 1066 597 eos
1095 561 1392 604 commoneat,
1435 560 1480 596 ut
1507 556 1620 596 tales
1643 570 1690 597 se

207 606 407 651 homines
438 611 717 662 existiment,
766 613 920 668 quales
953 627 999 654 se
1029 612 1205 653 futuros
1237 628 1336 653 esse
1367 617 1574 669 suscepto
1613 611 1689 653 ha-

203 664 369 720 ptismo
397 681 445 709 re
476 668 670 725 professi
695 669 863 710 fuerint
888 669 918 712 i.
939 684 977 713 0.
1009 669 1092 726 qna
1125 669 1444 725 turpitudinem
1477 674 1689 717 mortuos,

206 722 291 776 qua
311 722 455 764 Deum
485 732 561 767 aut
588 726 798 781 pictatem
820 727 1018 768 viventes
1043 726 1119 780 (es.
1140 741 1178 769 v.
1197 728 1277 780 2.).
1309 751 1362 757 -
1422 726 1590 768 Griesb.
1616 724 1687 768 ed.

204 777 344 832 111ed.,
396 780 562 837 Kopp„
610 782 775 826 sehon.
809 782 876 826 ed.
897 784 941 827 2.
971 785 1030 826 al.
1078 788 1177 840 post
1214 780 1333 834 ι’·,ιιεῖς
1367 783 1686 838 interpungnnt

202 832 360 890 (Οὕτω
387 837 461 878 καὶ
486 837 630 891 ὑμεῖς·
673 839 907 894 λογίζεσθε
928 857 965 881 κ.
984 857 1021 881 τ.
1047 840 1084 880 λ.
1114 841 1177 882 sic
1206 854 1276 880 ros
1304 852 1465 896 quoquc
1496 840 1689 895 [facite]:

201 892 458 936 existimate
480 901 587 948 ctc.,
619 894 774 949 credo,
818 898 920 952 qnia
947 897 1009 938 sic
1039 909 1131 937 eos
1160 911 1184 952 q
1199 909 1361 953 noque
1389 895 1687 937 existima-

199 953 252 991 te
281 963 354 992 vos
372 957 560 995 mortuos
580 958 664 996 010.
694 967 778 995 non
798 959 916 995 reete
933 952 1021 994 dici
1040 957 1275 1010 putassent
1290 986 1301 1006 ,
1332 952 1536 1008 quoniam
1557 951 1685 995 Chri-

201 1010 299 1047 stus
333 1014 511 1062 peccato
540 1024 581 1051 m
597 1014 719 1052 ortu
733 1025 788 1052 us
818 1015 962 1052 esset
992 1025 1033 1053 v.
1056 1011 1154 1063 10.,
1196 1024 1282 1051 11011
1311 1023 1358 1050 50
1392 1009 1433 1050 ei
1465 1014 1684 1051 mortuum

198 1077 298 1105 esse
319 1066 566 1110 censuisset.
625 1066 760 1110 Male.
808 1066 968 1123 Neque
988 1067 1102 1109 enim
1125 1067 1363 1124 quidquam
1384 1066 1545 1107 lucrati
1567 1071 1686 1120 sunt,

197 1120 552 1179 quandoquidem
577 1121 692 1166 οὕτω
713 1124 786 1165 καὶ
811 1119 930 1177 ι”μεῑς
946 1127 1042 1181 (np.
1065 1125 1283 1178 ποιεῖτε)·
1314 1122 1461 1166 verbis
1483 1138 1583 1180 sqq.
1605 1123 1685 1165 λο-

196 1175 379 1233 γίζεσθε
401 1195 487 1222 xxc.
509 1181 545 1222 λ.
567 1187 864 1238 exponeretur
886 1181 970 1235 (sic
997 1197 1067 1223 ‘ros
1088 1196 1249 1238 (letoque
1277 1181 1481 1238 facite:
1527 1194 1683 1237 nempe

195 1235 526 1279 existimate
557 1240 664 1294 etc.)
695 1243 739 1280 et
759 1252 799 1281 v.
820 1244 1002 1296 praeter
1020 1240 1333 1280 necessitatem
1355 1242 1681 1281 contorserunt.

194 1290 316 1346 Quin
338 1291 453 1334 οὕτω
473 1293 528 1335 ad
551 1294 885 1353 praecedentem
910 1295 1173 1337 sententiam
1194 1310 1235 1339 v.
1258 1297 1328 1338 10.
1360 1295 1578 1352 pertinet,
1607 1309 1680 1337 vo-

192 1363 267 1390 ces
286 1356 431 1392 autem
462 1353 535 1393 καὶ
562 1350 681 1405 ἡμεῖς
700 1352 923 1395 Romanos
946 1368 1039 1394 cum
1059 1352 1239 1396 Christo
1258 1350 1530 1393 contendunt
1551 1351 1594 1395 11.
1619 1366 1681 1396 r.:

188 1406 254 1449 sie
274 1407 327 1462 (i.
351 1422 389 1451 0.
413 1413 462 1449 111
484 1407 690 1453 Christus
705 1409 893 1452 Peccato
914 1411 1053 1452 semel
1073 1414 1274 1451 mortuus
1288 1409 1387 1451 Deo
1410 1409 1517 1451 vivit
1531 1423 1570 1452 v.
1587 1411 1680 1461 10.;

189 1477 231 1507 V.
253 1469 346 1508 not.
368 1464 424 1506 ad
441 1464 603 1510 Matth.
628 1467 670 1520 5,
694 1469 785 1522 16.)
811 1482 881 1510 vos
907 1482 1066 1525 quoque
1086 1467 1278 1523 (Christi
1309 1467 1557 1523 exemplum
1580 1465 1679 1507 imi-

191 1523 366 1575 tantes)
394 1522 725 1567 existimate
755 1539 833 1567 vos
863 1532 1060 1567 mortuos
1085 1530 1290 1582 peccato,
1335 1525 1532 1566 viventes
1561 1523 1679 1568 Deo.

186 1576 297 1621 Luc.
323 1580 391 1632 17,
415 1581 484 1622 10.
514 1577 630 1621 oiim
658 1582 731 1623 καὶ
757 1580 880 1634 {uteie
900 1608 954 1613 —
979 1581 1125 1636 λέγετε
1148 1607 1228 1625 —.
1258 1583 1322 1623 sic
1346 1581 1410 1635 (11.
1435 1596 1475 1625 0.
1505 1586 1554 1622 111
1582 1595 1675 1622 501·-

187 1648 341 1676 vorum
363 1634 656 1690 conditionem
678 1639 797 1680 ferre
815 1638 943 1679 docui
966 1654 1004 1681 v.
1023 1640 1209 1695 7.—9.)
1228 1653 1295 1682 ros
1316 1652 1474 1695 qnoque
1492 1638 1676 1695 (quihus

186 1696 232 1733 et
256 1692 368 1749 ipsis
391 1707 619 1734 servorum
647 1709 748 1735 sors
770 1696 859 1747 est)
886 1720 941 1726 —-
965 1696 1094 1750 dicite
1115 1701 1217 1738 ete..
1276 1693 1516 1751 Perperam
1536 1695 1676 1745 Bet-er,

188 1749 347 1792 Heum.
369 1751 430 1791 al.
460 1749 720 1804 λογίζεσθαι
755 1756 927 1792 retento
959 1752 1070 1792 εἶναι
1099 1752 1141 1795 h.
1168 1753 1200 1794 l.
1232 1751 1428 1806 collusio?
1455 1751 1672 1809 interpre-

185 1811 364 1858 tantur,
416 1810 459 1848 et
488 1807 694 1862 quoniam
726 1822 836 1863 quae
866 1807 965 1848 huic
998 1808 1145 1848 versui
1177 1809 1328 1848 insunt
1363 1822 1386 1847 e
1408 1822 1449 1850 v,
1474 1809 1568 1860 10.‚
1615 1807 1672 1849 ad

181 1877 311 1918 quem
345 1863 421 1904 illa
451 1862 856 1917 accommodantur,
879 1872 889 1909 ᾗ
905 1878 991 1904 11011
1020 1864 1299 1914 cfficiuntur,
1340 1868 1381 1903 et
1411 1864 1514 1919 quia
1547 1864 1585 1904 si
1615 1879 1667 1906 ex

180 1920 389 1977 superius
412 1919 543 1961 dictis
567 1935 606 1964 v.
626 1921 669 1962 2.
691 1935 816 1977 sqq.,
856 1919 972 1961 unde
992 1926 1110 1962 reete
1131 1919 1418 1968 ducerentur,
1457 1920 1553 1978 Ap.
1573 1935 1671 1963 ver-

177 1976 249 2018 bis
271 1992 311 2020 v.
337 1978 407 2020 10.
431 1978 474 2018 in
497 1992 587 2019 rem
610 1993 733 2019 suam
755 1978 979 2019 conversis
1001 1977 1073 2019 hic
1094 1982 1506 2032 argumentaretur,
1538 1976 1582 2019 id
1604 1979 1670 2020 in-

178 2033 410 2076 dicandum
448 2035 635 2078 suisset:
679 2033 940 2091 Aoyi‘gaeffi‘oe
973 2028 1065 2076 οὖν
1104 2030 1213 2087 finde
1248 2032 1426 2088 νεκροῖς
1460 2051 1497 2076 κ.
1536 2050 1574 2075 τ.
1618 2031 1669 2078 ἓ..

176 2089 276 2133 11110
307 2096 355 2133 ut
373 2092 562 2134 Romani
583 2091 753 2136 Christi
780 2092 1027 2149 exemplum
1052 2093 1327 2133 aemulantes
1350 2096 1529 2148 peccato
1553 2107 1668 2134 mor-

178 2154 280 2191 tuos
313 2164 478 2205 eosque
510 2149 585 2205 qui
617 2149 717 2191 Deo
749 2149 897 2190 vivant
927 2163 974 2190 se
1004 2149 1254 2190 ‹nr-isthmon
1287 2149 1478 2190 lectores
1504 2155 1665 2193 monet.

179 2206 360 2248 Scilicet
383 2221 438 2248 ne
460 2207 605 2248 oslicio
629 2205 749 2248 desis
769 2206 996 2263 permagni
1017 2206 1223 2247 momenti
1243 2212 1310 2247 est
1331 2211 1374 2247 10
1399 2206 1666 2261 meminisse,

179 2263 256 2320 qui
279 2264 341 2305 sis
361 2269 437 2304 aut
466 2264 636 2319 qualem
666 2269 709 2305 te
731 2265 926 2305 futurum
949 2276 1046 2305 esse
1068 2261 1376 2321 spoponderis.
1434 2264 1558 2320 Apte.
1583 2265 1664 2320 igi-

177 2329 251 2362 tur
272 2320 325 2365 Ρ.
344 2321 562 2374 100101·05,
604 2326 652 2362 ut
685 2321 839 2377 quales
871 2322 960 2362 sint
981 2335 1126 2362 secum
1152 2325 1358 2377 reputent
1376 2322 1663 2364 commonitos

176 2393 217 2420 v.
243 2380 336 2430 11.,
376 2377 433 2420 ad
461 2379 690 2431 virtutem,
738 2393 849 2434 quac
880 2377 1129 2435 hujusmodi
1151 2378 1349 2419 homines
1380 2376 1558 2431 deceat,
1590 2394 1660 2420 00,

176 2435 405 2487 hortatur,
445 2450 466 2476 a
488 2435 610 2477 vitiis
630 2441 831 2487 revocat,
870 2428 981 2491 quae
1002 2434 1098 2491 ejus
1121 2434 1385 2476 conditionis
1412 2435 1663 2479 hominibus

175 2492 477 2534 foedissimam
514 2508 597 2534 non
627 2493 801 2550 possint
835 2507 920 2534 non
952 2485 1128 2534 inu‘rere,
1158 2492 1370 2533 maculam
1400 2506 1437 2533 ν.
1471 2494 1537 2535 12.
1575 2495 1660 2537 13..

177 2548 268 2604 λογ.
294 2547 479 2597 ἑαυτοῖς
508 2550 684 2605 νεκροῖς
703 2551 784 2602 μέν
813 2544 955 2592 εἶναι
991 2551 1043 2604 ’τῇ
1065 2549 1158 2602 ἁμῖἲ
1190 2543 1301 2590 εἶναι
1332 2563 1416 2591 om.
1439 2551 1502 2592 A.
1526 2549 1586 2593 Ι).
1609 2550 1657 2592 Ε.

177 2605 230 2649 F.
254 2606 309 2648 G.
333 2608 401 2649 17.
433 2606 516 2650 Mt.
535 2607 578 2650 8.
603 2607 754 2650 5011101.
814 2606 953 2649 Aetli.
978 2606 1175 2649 Tertull.
1204 2605 1271 2647 his
1303 2606 1515 2675 probante
1535 2605 1654 2649 Mill.

176 2662 302 2706 Prol.
331 2665 373 2716 ξ.
399 2665 526 2707 1286.
556 2669 598 2705 et
634 2663 854 2720 Benyele'o.
891 2667 895 2718 Ι
934 2663 1025 2719 iay.
1063 2660 1248 2712 inerat-‚e
1277 2678 1423 2704 ειναι
1455 2665 1554 2716 μέν
1583 2678 1652 2704 νε-

175 2717 309 2774 κροὺς
325 2720 379 2776 τῇ
403 2718 475 2773 ἅμ.
497 2721 547 2764 C.
573 2721 733 2777 Cyrill.
757 2721 1020 2763 Damaseen.
1049 2720 1182 2762 Recte.
1212 2721 1498 2762 excluserunt
1520 2718 1651 2763 mani-

172 2778 333 2819 festum
353 2777 632 2834 incertaeque
663 2777 783 2820 sedis
808 2778 1030 2833 glossema
1052 2777 1218 2821 Gre'csb.
1242 2776 1311 2821 ed.
1335 2775 1449 2821 med.
1469 2782 1512 2819 et
1534 2776 1652 2823 min..

1742 1187 1752 1534 μψμ-.-.

1748 1563 1752 1635 ἱ
