1752 3347
203 67 289 112 154
477 67 856 112 EPISTOLA
891 67 994 110 AD
1026 68 1385 114 ROMANOS

202 176 388 228 garunt,
423 187 475 216 eo
495 173 682 224 valebit,
718 179 766 216 ut
789 173 915 215 Deus
940 173 982 214 in
1014 173 1099 215 fide
1129 188 1213 215 non
1247 175 1452 218 maneat?
1490 177 1670 219 Minime

200 243 321 274 vero.
351 230 396 274 h.
417 245 457 274 e.
487 231 608 271 Vere
631 229 811 286 aliquod
831 229 1097 273 ,ludaeorum
1129 229 1261 273 decus
1291 231 1334 272 in
1364 246 1416 273 eo
1446 234 1669 286 collocavi,

202 285 320 342 quod
347 286 405 328 iis
436 287 612 328 oracula
645 285 698 327 de
727 286 894 328 Messia
934 285 1060 328 Deus
1099 286 1236 330 dedit.
1303 287 1561 331 Absurdum
1601 299 1666 332 est

200 343 315 385 enim
339 343 618 393 existimare,
646 342 790 384 Deum
814 348 1045 400 propterea
1067 343 1193 385 fidem
1217 359 1336 386 suam
1357 359 1442 386 non
1475 353 1668 389 sen-atu-

199 414 296 443 rum
318 414 436 451 esse,
468 399 583 455 quod
605 400 674 442 Ιιὶσ
696 405 822 456 atque
843 400 914 441 ιἸΙυ
935 401 1121 442 Jeulueus
1143 401 1342 443 inventus
1365 408 1432 443 est
1447 434 1458 453 ,
1503 401 1576 456 qui
1598 401 1670 445 Je-

199 472 294 498 sum
315 454 524 497 Messiam
547 462 811 514 aspernatus
830 457 993 498 nullam
1007 456 1094 499 Dei
1116 459 1307 500 oraculis
1329 459 1454 501 iidem
1477 457 1673 502 haberet.

197 512 335 568 (Hinc
373 512 599 568 sequitur,
648 519 718 567 ut,
768 514 971 569 quoniam
1009 529 1162 556 numen
1195 514 1283 559 div.
1315 516 1408 557 suis
1442 514 1673 572 promissis

198 573 304 621 stat,
334 567 504 622 Judaei,
539 570 698 627 quihus
718 569 841 612 Deus
855 570 1062 613 Messinm
1086 573 1309 629 pollicitus
1333 574 1407 625 sit,
1437 570 1674 628 aliquando

197 625 331 667 etiam
364 625 559 669 Messiae
587 627 800 669 felicitate
829 628 1055 673 fruantur:
1094 630 1149 672 cf.
1184 632 1335 681 11,2÷›.
1368 631 1475 686 ΜΗ.
1548 628 1673 670 Hanc

195 682 633 740 interpretationem,
672 699 799 742 quam
828 685 1008 728 Boelem.
1041 685 1204 742 aliique.
1236 689 1412 743 sequuti
1443 693 1569 737 sunt,
1611 686 1671 726 lc-

195 739 394 781 vissimis
432 742 705 795 argumentis
745 756 884 799 nuper
923 742 1191 799 imphgnavit
1231 743 1478 785 Raetcc·l··rt·t..
1557 740 1671 784 Nam

196 796 430 854 quomingus
452 812 492 840 ι’.
515 795 719 840 ἀπιστεῖν
737 799 983 855 explicetur
999 799 1127 853 fidem
1149 801 1357 854 ‹lencyare
1387 808 1477 840 tum
1507 799 1672 840 oratio-

195 853 267 895 nis
292 854 630 911 perpetuitatem
657 854 857 907 ol)stare,
890 870 999 911 quae
1031 871 1113 896 non
1148 858 1396 912 permittat,
1439 860 1485 896 ut
1513 855 1672 896 delicta

191 915 290 966 post
311 910 471 953 Christi
492 912 718 954 adrentum
740 912 968 953 commissa
993 912 1036 954 h.
1066 913 1097 954 l.
1123 911 1304 956 ludaeis
1335 911 1675 968 exprobrentur,

192 970 286 1008 tum
308 967 543 1010 Aeristum
566 963 839 1024 ἠπίστησαν,
870 967 994 1022 cujus
1026 969 1057 1010 l.
1081 967 1303 1010 Praesens
1336 966 1576 1010 ἀπιστοῦσι
1607 969 1674 1010 lo-

193 1022 377 1066 candum
397 1025 550 1067 fucrit.
602 1023 669 1066 At
689 1025 797 1065 mire
817 1015 927 1066 illud
950 1024 1078 1067 dixit.
1138 1026 1311 1066 Etcnim
1333 1025 1370 1066 si
1393 1039 1435 1068 v·
1456 1026 1498 1068 2.
1519 1023 1570 1065 τὰ
1591 1020 1672 1065 λό-

193 1096 269 1137 για
298 1081 378 1123 τοῦ
406 1083 520 1124 θεοῦ
550 1081 726 1122 oracula
756 1087 883 1134 sunt,
955 1081 1083 1124 uibus
1106 1083 1232 1124 Deus
1258 1081 1468 1124 Mcssiam
1491 1080 1674 1126 ‚ludaeis

190 1135 442 1204 portendit,
470 1144 519 1179 ut
539 1143 667 1190 sunt,
698 1138 894 1194 profecto
919 1096 1077 1182 ludaei
1100 1137 1177 1194 τὴν
1208 1135 1421 1180 ἀπιστίαν
1453 1135 1597 1180 αἰτῶν
1627 1137 1672 1178 in

190 1195 270 1236 illa
289 1196 463 1237 oracula
486 1208 658 1236 versam
679 1208 761 1236 non
784 1196 906 1252 prius
939 1195 1220 1237 manifestare
1253 1201 1514 1254 potuerunt,
1545 1209 1672 1251 quam

191 1250 301 1296 Jesu
322 1250 519 1293 Messiae
541 1250 629 1292 Dei
652 1253 843 1293 oraculis
865 1252 1220 1309 praesignificato
1244 1254 1406 1294 nullam
1435 1251 1563 1294 iidem
1591 1252 1672 1293 tri-

189 1307 411 1352 buissent.·
467 1306 628 1364 Neque
648 1309 790 1351 minus
811 1310 967 1351 mirum
990 1316 1056 1351 est
1077 1310 1262 1351 alterum
1283 1310 1512 1352 Rueckerti
1540 1323 1674 1363 argu-

191 1369 401 1408 mentum.
463 1365 611 1408 Potuit
641 1363 694 1409 P.
723 1363 963 1408 ἀπιστοῦσι
993 1367 1189 1409 scribere
1219 1367 1279 1422 (si
1311 1365 1510 1408 nonnulli
1543 1365 1671 1408 fidem

189 1422 450 1477 denegant),
486 1436 572 1464 non
600 1422 758 1466 debuit.
827 1421 948 1465 Bene
981 1424 1092 1464 enim
1127 1420 1375 1479 ἠπίστησαν
1403 1421 1458 1464 ad
1489 1437 1565 1464 eos
1593 1421 1672 1466 Ju-

189 1477 325 1521 daeos
345 1479 564 1531 refertur,
603 1479 679 1534 qui
700 1477 787 1521 div.
819 1479 1010 1520 oraculis
1041 1479 1170 1521 fidem
1201 1480 1500 1533 deneqament,
1538 1493 1670 1535 quum

189 1539 242 1578 ut
261 1535 414 1580 Jesum
435 1535 644 1578 Messiam
675 1542 990 1577 venerarentur
1022 1536 1077 1577 ab
1097 1536 1334 1593 Apostolis
1364 1543 1673 1582 monerenturz.

190 1592 250 1637 cf.
276 1593 429 1644 11,17.
459 1606 544 1648 sq..
605 1591 702 1635 Jam
731 1606 826 1633 cum
858 1593 914 1634 iis
943 1593 1048 1634 sacit
1068 1592 1320 1644 Rure-hert„
1360 1593 1435 1649 qui
1469 1589 1673 1634 ἀπιστεῖν

188 1649 222 1694 i.
245 1664 289 1700 a.
312 1645 521 1690 ἀπειθεῖν
540 1649 583 1692 h.
605 1650 637 1691 l.
658 1648 806 1690 valere
838 1651 1086 1693 volum-unt.
1150 1650 1247 1692 Hoc
1280 1650 1334 1691 iis
1369 1650 1558 1706 placuit,
1628 1649 1674 1690 ui

188 1721 232 1750 v·
252 1706 295 1749 2.
313 1703 368 1747 τὰ
388 1702 517 1760 λόγια
539 1721 574 1747 τ.
597 1709 645 1746 ι’).
667 1711 740 1747 aut
759 1704 812 1748 de
834 1707 932 1761 lege
954 1722 1063 1750 mos.
1079 1739 1090 1760 ‚
1120 1713 1192 1748 aut
1216 1706 1269 1748 de
1290 1706 1487 1748 doctrina
1508 1663 1671 1749 dianv.

189 1762 249 1808 T.
272 1766 560 1815 enarrarunt,
592 1761 705 1805 unde
724 1763 786 1805 A.
809 1759 1063 1819 ἦπείθησαίν
1082 1778 1195 1812 τινες
1218 1778 1297 1821 pro
1323 1759 1571 1819 ζπίστησάν
1599 1778 1672 1804 τι-

189 1834 260 1869 νες
278 1819 463 1876 praebet
484 1833 537 1860 ex
570 1820 876 1876 interpretam.
937 1819 1039 1861 Non
1067 1820 1267 1875 equidem
1297 1835 1432 1874 nego,
1469 1816 1672 1861 ἀπιστεῖν

221 1876 355 1918 assim
395 1874 509 1917 idem
541 1890 664 1929 esse,
709 1875 827 1932 quod
857 1874 1066 1917 ἀπειθεῖν
1094 1877 1171 1928 (cs.
1202 1876 1433 1933 Heindorf.
1461 1875 1519 1917 ad
1550 1873 1670 1919 Plat.

237 1934 380 1976 heaet.
433 1933 606 1987 .296.)‚
638 1947 769 1989 quum
795 1933 1054 1990 praesertim
1077 1933 1276 1975 idoneam
1305 1933 1371 1974 rei
1403 1946 1579 1974 causam
1608 1932 1671 1974 vi-

190 1990 331 2035 deam.
437 2005 503 2032 am
527 1987 730 2032 ἀπιστεῖν
751 1990 925 2031 omnino
947 1989 1060 2031 idem
1082 1998 1205 2032 sonat
1219 2023 1230 2042 ‚
1259 1989 1375 2046 quod
1396 1983 1585 2031 ἶὶῖτιστον
1604 1982 1671 2030 εἷ·-

188 2063 284 2097 ναι,
316 2043 507 2097 ἄπιστος
536 2052 678 2088 autem
707 2061 791 2089 non
827 2047 967 2088 solum
1000 2062 1097 2089 eum
1128 2047 1202 2103 qui
1233 2047 1360 2089 tidem
1393 2061 1475 2088 non
1511 2045 1669 2103 habeat

189 2104 411 2157 declarat,
451 2118 600 2146 verum
633 2104 764 2146 etiam
793 2103 1006 2158 perfidum
1046 2111 1089 2146 et
1133 2104 1458 2146 inobedientem.
1539 2101 1669 2145 Unde

190 2160 395 2204 ἀπιστεῖν
415 2166 568 2203 notare
592 2165 736 2218 potest
762 2166 803 2202 et
817 2159 946 2214 fidem
969 2161 1162 2203 deserere
1181 2160 1319 2218 (quod
1343 2167 1384 2202 et
1405 2162 1548 2217 ipsum
1572 2159 1668 2201 fieri

189 2224 338 2277 potest
356 2217 483 2260 fidem
510 2232 593 2259 non
626 2217 825 2259 habendo
857 2217 920 2265 ei,
964 2217 1032 2258 cui
1065 2224 1140 2259 aut
1170 2225 1214 2259 te
1246 2217 1371 2259 iidem
1403 2217 1669 2259 tributurum

190 2275 419 2333 pollicitus
442 2275 506 2317 sis
525 2279 601 2316 aut
618 2275 687 2317 cui
710 2273 837 2316 iidem
859 2273 1040 2333 adjungi
1063 2275 1195 2317 officii
1215 2276 1408 2317 rationes
1422 2274 1672 2332 postulent)

192 2338 238 2374 et
257 2347 417 2376 morem
441 2347 522 2375 non
544 2346 708 2388 yerere.
767 2330 888 2373 lllud
915 2331 1111 2382 affirmo,
1149 2339 1396 2374 contextam
1427 2331 1667 2373 orationem

191 2403 276 2431 non
315 2391 430 2447 pati,
474 2394 524 2431 ut
561 2384 764 2430 ἀπιστεῖν
794 2403 952 2430 morem
985 2403 1066 2430 mm
1093 2404 1242 2444 yet-cre
1275 2390 1318 2433 h.
1347 2405 1387 2433 c.
1419 2393 1666 2430 enarretur.

190 2444 306 2489 Nam
328 2447 366 2487 si
387 2461 428 2491 v.
446 2445 490 2489 2.
509 2443 562 2487 τὰ
584 2442 712 2500 λόγια
736 2461 772 2487 τ.
794 2447 840 2486 θ.
865 2451 938 2486 aut
968 2445 1099 2499 leqem
1132 2461 1264 2499 mos„
1300 2452 1374 2488 aut
1406 2447 1489 2488 div.
1532 2446 1580 2488 Γ.
1615 2443 1665 2485 Τ.

190 2502 429 2545 doctrinam
452 2502 737 2560 explicueriS,
766 2516 806 2544 v.
829 2502 871 2544 3.
893 2516 933 2545 v.
953 2501 1013 2556 τὴ
1030 2519 1050 2543 ν
1068 2499 1168 2544 nlo
1183 2518 1227 2544 re
1245 2520 1266 2543 ι’
1284 2519 1320 2544 τ.
1342 2507 1387 2544 θ.
1410 2503 1572 2544 millam
1592 2514 1663 2541 ra-

189 2558 351 2601 tionem
373 2560 555 2603 habent:
577 2559 764 2617 primum
779 2557 1044 2602 Iudaeorum
1065 2559 1332 2602 commodum
1352 2561 1430 2602 hoc
1452 2564 1532 2611 est,
1552 2555 1662 2613 quod

191 2616 264 2659 lex
283 2629 388 2659 mos,
407 2617 487 2670 (V.
504 2617 554 2660 T.
573 2617 789 2670 doctrina)
812 2616 868 2657 iis
890 2615 1098 2657 divinitus
1122 2616 1222 2658 data
1244 2625 1328 2661 est.
1376 2614 1493 2673 Quid
1516 2610 1666 2656 enini?

193 2673 235 2715 si
253 2673 452 2715 nonnulli
474 2673 557 2716 cliv.
589 2673 835 2727 praeceptis
863 2688 943 2715 non
975 2673 1345 2728 obtemperarunt,
1384 2687 1482 2715 num
1512 2685 1662 2713 eorum

195 2730 462 2774 contumacia
483 2744 533 2772 co
557 2729 818 2786 pertinebit,
853 2735 902 2772 ut.
921 2729 1047 2773 Deus
1065 2731 1094 2773 d
1103 2747 1130 2773 ιι
1144 2735 1159 2772 t
1173 2745 1251 2774 am
1270 2730 1459 2785 fidem,
1490 2730 1663 2785 (quam-
