1752 3347
458 206 618 252 CAP.
652 205 692 250 Ι.
727 205 819 252 Vs,
848 206 929 251 22.
962 209 1017 249 et
1045 205 1143 249 23..
1480 208 1538 249 67

68 328 175 358 suae
196 318 343 357 sectae
364 314 542 372 placitis
563 329 702 371 nsque
722 313 824 356 dum
845 319 964 357 esset
1013 314 1057 355 ui
1079 313 1135 354 iis
1156 325 1285 354 aures
1304 312 1537 370 praeberet

67 376 224 428 argute
261 376 305 414 et
340 372 572 414 ambitiose
597 377 927 430 propugnarent
954 329 1079 428 (get.
1111 368 1297 423 17‚18.).
1365 369 1536 414 Tamen

65 429 241 472 etiamsi
261 429 306 471 in
326 429 594 472 Graecorum
649 430 938 487 hilosophiam
959 443 1006 470 se
1034 425 1280 469 abdidisset
1306 425 1537 484 ipsiusque

63 484 271 529 Platonis
308 490 384 527 aut
409 446 677 529 Aristotelis
712 487 888 529 iuventa
928 488 1267 544 pertractasset,
1303 484 1392 526 nisi
1421 485 1538 526 forte

63 542 236 587 Paulus
268 542 454 585 Paulum
485 544 710 597 exuisset,
756 543 895 584 nihilo
926 544 1070 584 minus
1101 543 1332 583 humanam
1361 542 1538 599 sapien-

63 600 170 642 tiam
190 599 521 651 contemsisset‚
553 614 682 655 quam
715 600 964 643 contemsit.
1024 598 1304 655 Quamquam
1337 599 1451 641 enim
1480 597 1535 643 P.

63 657 176 700 hanc
194 656 415 698 hominum
436 656 598 697 rationi
617 656 702 698 vim
723 656 895 709 tribuit,
920 661 967 698 ut
984 656 1130 698 Deum
1156 660 1358 697 accurate
1377 670 1538 710 cogno-

63 716 207 757 sceret
233 714 296 767 (v.
317 713 385 754 19.
405 712 476 755 20.
504 712 613 755 Act.
638 713 705 765 17,
716 711 788 754 27.
809 714 921 768 sq.)‚
960 717 1125 754 tantam
1156 716 1302 754 tamen
1328 727 1427 755 esse
1456 712 1536 755 hu-

62 782 216 812 manae
235 769 394 810 mentis
417 768 702 822 sagacitatem
723 770 922 823 negavit,
956 774 1003 810 ut
1022 768 1066 810 id
1087 773 1285 823 erueret,
1326 785 1411 827 quo
1435 783 1536 826 per-

62 829 214 893 specto
235 839 346 882 opus
366 829 508 879 esset,
545 826 660 867 utin
683 825 1000 881 sempiternum
1028 825 1268 868 bearentur
1294 827 1338 870 h.
1366 841 1405 871 e.
1435 827 1536 869 feli-

59 887 238 925 cltatem
260 883 317 924 iis
337 887 538 940 paratam
563 896 683 936 esse,
715 883 792 938 qui
812 881 992 925 Christo
1019 881 1147 923 fidem
1176 882 1435 926 habuissent
1458 884 1536 939 (cf.

61 939 118 982 ad
135 954 177 984 v.
199 941 306 995 17.).
363 938 500 999 Cujus
525 939 592 981 rei
621 939 823 981 notitiam
853 953 987 995 quum
1017 939 1169 994 generi
1195 939 1382 982 humano
1409 941 1536 983 unice

60 998 304 1040 salutarem
324 1001 525 1038 censeret
552 1011 737 1054 eamque
764 995 984 1055 ejusmodi
1014 1010 1114 1037 esse
1139 1000 1341 1054 putaret,
1382 1002 1432 1039 ut
1458 997 1536 1040 ho-
1579 1033 1586 1040 .

60 1054 201 1096 mines
224 1053 462 1096 etiamnum
489 1054 674 1104 lateret,
712 1055 800 1098 nisi
819 1053 908 1095 Dei
929 1053 1063 1113 jussu
1083 1053 1274 1096 Clu-istus
1305 1068 1398 1095 eam
1426 1057 1537 1095 tem-

62 1125 167 1169 pore
197 1125 222 1152 a
241 1109 341 1153 Deo
363 1110 596 1168 praefinito
628 1111 750 1164 [Gal.
771 1111 887 1165 4,4.]
903 1143 914 1163 ,
952 1110 1009 1152 iis
1033 1109 1283 1167 aperuisset
1304 1111 1347 1164 [l
1371 1110 1473 1154 Cor.
1492 1111 1535 1165 2,

59 1170 103 1212 7.
126 1181 197 1224 sq.
217 1168 384 1225 Ephes.
408 1169 499 1221 1‚9.
518 1182 585 1224 sq.
605 1168 634 1210 2
653 1168 773 1212 Tim.
790 1169 880 1221 1,9.
901 1182 968 1223 sq.
993 1165 1088 1211 Col.
1106 1168 1226 1219 l,26.
1248 1166 1344 1210 Tit.
1359 1167 1535 1225 1‚2.sq.

61 1224 156 1277 3,4.
177 1226 293 1281 sq.]‚
328 1225 476 1266 facere
499 1237 583 1266 non
610 1225 778 1282 potuit,
816 1225 920 1281 quin
948 1224 1163 1265 humanae
1192 1224 1438 1281 sapientiae
1467 1225 1536 1266 in-

60 1285 213 1336 venta,
250 1280 381 1324 etiam
417 1280 675 1324 acutissima
706 1286 751 1324 et
776 1280 1156 1339 praeclarissima,
1195 1296 1290 1323 cum
1318 1280 1375 1322 iis
1402 1280 1537 1323 rebus

60 1338 248 1392 collata,
296 1352 407 1394 quas
438 1338 565 1381 Deus
595 1353 675 1396 per
701 1338 926 1382 Christum
955 1338 1206 1379 hominibus
1236 1338 1536 1395 patefecisset,

62 1409 213 1438 manca
251 1398 296 1437 et
333 1395 483 1437 inania
521 1396 832 1453 pronuntiaret
868 1397 892 1437 1
934 1394 1036 1438 Cor.
1069 1396 1189 1447 1,17.
1222 1409 1306 1450 sq..
1375 1395 1535 1451 ltaque

59 1451 232 1496 Christi
248 1451 490 1494 doctrinam
504 1487 515 1507 ‚
545 1466 655 1508 quae
677 1453 763 1494 Dei
782 1467 940 1494 arcana
957 1451 1215 1504 recluserit,
1246 1465 1394 1492 omnes
1412 1466 1537 1493 verae

59 1509 113 1564 (i.
131 1523 171 1553 e.
189 1508 365 1551 divinae
390 1510 413 1550 1
435 1508 537 1552 Cor.
556 1510 598 1561 2,
608 1510 672 1565 7.)
695 1509 938 1566 sapientiae
958 1509 1195 1550 thesauros
1217 1507 1440 1550 continere
1469 1508 1536 1550 af-

57 1566 210 1609 firmat
237 1564 334 1609 col.
362 1564 481 1619 2‚3.,
529 1563 756 1607 Christum
795 1565 1042 1622 sapientiae
1069 1566 1149 1606 hoc
1176 1565 1350 1606 nomine
1377 1564 1535 1620 dignae

58 1622 124 1680 (h.
145 1637 184 1667 e.
205 1621 400 1678 divinae)
420 1625 641 1664 auctorem
658 1622 883 1664 exstitisse
902 1622 964 1663 ait
988 1623 1009 1662 l
1024 1621 1126 1664 Cor.
1150 1622 1271 1673 1‚30.
1285 1654 1296 1674 ,
1325 1619 1403 1676 τὴν
1421 1621 1511 1676 γνῶ,

59 1693 130 1722 σιν
153 1681 234 1722 τοῦ
254 1679 455 1735 Χριστοῦ
472 1679 553 1721 illa
574 1693 680 1736 quae
711 1679 910 1721 homines
928 1677 1131 1734 (Judaei)
1159 1676 1436 1720 admirentur
1464 1692 1536 1720 or-

59 1740 263 1779 namenta
286 1735 430 1793 pretio
450 1736 625 1780 vincere
651 1735 874 1779 contendit
901 1734 1022 1779 Phil.
1047 1735 1268 1788 3‚4—8.,
1307 1749 1437 1792 quam
1463 1734 1536 1778 Ιιο-

57 1794 194 1837 mines
211 1797 395 1850 crepent
421 1794 682 1851 sapientiam
707 1794 889 1835 stultam
919 1797 963 1835 et
991 1792 1270 1847 nugatoriam
1298 1806 1391 1835 rem
1418 1790 1537 1850 apud

57 1850 207 1893 Deum
243 1849 399 1892 haberi
434 1852 459 1893 l
486 1851 590 1895 Cor.
618 1851 740 1903 3,19.
777 1865 962 1907 esseque
992 1864 1087 1891 eam
1113 1849 1363 1907 speciosam
1392 1849 1535 1904 magis

59 1921 191 1965 quam
224 1920 374 1951 veram
404 1907 502 1952 Col.
531 1909 572 1961 2,
584 1908 655 1952 23.
684 1907 832 1961 docet,
878 1906 992 1950 unde
1022 1905 1201 1961 dignam
1232 1921 1326 1948 eam
1347 1905 1535 1966 judicat,

59 1978 191 2022 quam
211 1962 291 2021 τὴν
309 1962 475 2020 σοφίαν
492 1967 572 2007 τοῦ
593 1962 754 2014 αἰῶνος
771 1963 933 2007 τούτου
956 1966 980 2006 1
1002 1963 1104 2008 Cor.
1127 1963 1236 2016 2‚6.,
1268 1961 1347 2018 τὴν
1370 1960 1533 2017 σοφίαν

61 2022 139 2064 τοῦ
159 2016 333 2074 κόσμου
347 2018 508 2064 τούτου
529 2024 553 2064 1
568 2021 669 2066 Cor.
683 2022 794 2075 l‚20.
812 2025 858 2063 et
876 2018 955 2077 τὴν
973 2018 1187 2078 σαρκικὴν
1207 2018 1373 2075 σοφίαν
1388 2019 1417 2061 2
1430 2017 1533 2062 Cor.

60 2078 102 2132 l,
116 2077 186 2123 12.
213 2077 466 2120 contemtim
494 2083 729 2136 nuncupet.
801 2077 960 2135 Neque
988 2091 1260 2134 paganorum
1288 2077 1431 2117 solum
1462 2089 1532 2117 sa-

60 2134 271 2193 pientiam
309 2137 502 2192 spernit,
549 2151 700 2179 verum
737 2135 868 2177 etiam
906 2134 1175 2179 ,Iudaeorum
1212 2132 1532 2190 philosophica,

61 2191 154 2234 sive
172 2191 424 2248 theologica
444 2193 615 2250 potius,
643 2194 820 2236 inventa
848 2192 944 2236 Col.
963 2192 1005 2246 2,
1017 2191 1059 2235 8.
1083 2192 1169 2234 17..
1228 2188 1337 2232 Noli
1363 2189 1531 2232 mirari.

61 2244 179 2290 Nam
197 2261 329 2304 quum
347 2249 564 2292 hominum
595 2250 696 2300 νοῦς
720 2263 811 2291 rem
837 2250 970 2304 louge
998 2246 1334 2305 gravissimam,
1372 2246 1416 2287 in
1446 2247 1531 2302 qua

61 2304 124 2346 sit
152 2303 365 2348 humanae
401 2307 630 2350 felicitatis
668 2320 820 2360 causa,
866 2304 1009 2348 Paulo
1040 2308 1219 2347 auctore
1245 2303 1426 2358 assequi
1455 2316 1531 2344 ne-

63 2364 197 2418 queat
215 2361 292 2414 (cf.
311 2364 468 2420 supra)
487 2364 634 2421 sitque
653 2364 755 2418 ille,
782 2362 1040 2420 priusquam
1063 2362 1103 2404 ei
1126 2360 1214 2404 div.
1235 2359 1531 2401 institutionis

62 2417 141 2460 lux
157 2416 401 2472 affulserit,
429 2417 640 2476 σαρκικός
663 2420 758 2465 Col.
777 2420 821 2474 2,
836 2421 931 2472 18„
968 2434 1023 2462 ne
1044 2416 1225 2462 Judaeis
1255 2414 1429 2473 quidem
1457 2430 1531 2459 ve-

63 2487 158 2526 ram
175 2473 439 2530 sapientiam
458 2477 654 2519 tribuere
676 2482 842 2536 potest.
899 2475 1020 2533 Quin
1050 2480 1153 2517 sunt
1179 2488 1329 2516 eorum
1354 2473 1530 2517 inventa

62 2529 207 2574 Paulo
219 2529 369 2588 judice
393 2530 568 2575 ἐντολαὶ
593 2531 926 2590 ἀνθρώπων,
957 2546 1089 2588 quum
1114 2531 1203 2573 Dea·
1232 2528 1435 2572 mandata
1460 2544 1546 2573 re-·

61 2589 258 2631 verentia
278 2587 404 2630 unice
423 2587 555 2643 digna
569 2589 761 2649 judicet,
804 2594 909 2632 sunt
934 2588 1081 2631 futilia
1109 2591 1350 2630 commenta
1372 2587 1469 2631 Tit.
1490 2589 1530 2639 l,

65 2645 164 2699 14„
193 2660 214 2688 s
249 2645 392 2688 eciosa
418 2644 497 2686 illa
587 2646 700 2689 idem
725 2646 823 2690 Col.
850 2646 976 2698 2,23.
1006 2649 1050 2687 et
1075 2644 1255 2702 primis,
1293 2645 1339 2686 in
1370 2643 1530 2701 quibus

65 2715 191 2745 sacra
248 2700 483 2744 udaeorum
517 2660 752 2760 ffieiplina
778 2701 998 2754 haeserit,
1043 2702 1270 2744 elementis
1300 2705 1402 2759 apta
1431 2701 1528 2744 col.

63 2758 184 2812 2‚8.‚
231 2758 310 2802 sed
337 2758 517 2800 umbrae
544 2762 688 2801 tamen
725 2773 775 2799 ac
811 2759 930 2800 fumo
967 2757 1279 2815 comparanda,
1323 2757 1528 2816 quoniam

66 2813 234 2859 Christi
253 2815 450 2859 doctriua
474 2814 617 2857 solida
637 2830 711 2858 res
729 2815 792 2857 sit
813 2819 859 2857 et
875 2829 977 2858 vera
999 2814 1095 2858 Col.
1113 2815 1155 2867 2,
1166 2815 1209 2859 8.
1232 2817 1318 2859 17..
1375 2814 1437 2858 V.
1457 2813 1528 2855 23.

68 2873 312 2916 arctissime
333 2873 537 2916 cohaeret
558 2887 651 2915 cum
671 2886 711 2917 v.
729 2871 820 2916 22..
876 2870 1200 2970 Exponiltzegim
1216 2870 1287 2926 P.,
1316 2885 1402 2927 quo
1424 2883 1528 2925 gen·
