1752 3347
579 176 1157 244 PROLEGOMUENA.
1496 192 1607 221 nvn

185 289 391 322 collocaret.
439 289 560 329 Neque
578 287 771 320 Marcionis
793 287 1027 320 temeritatem
1045 285 1234 321 effecisse.
1261 286 1299 317 nt
1319 286 1488 325 permulti
1503 286 1607 318 dein-

184 345 271 377 ceps
288 336 427 368 librat-ii
449 333 516 377 quii
534 335 722 376 epistolam
749 334 867 366 claudi
886 335 1081 366 scivissent
1104 331 1323 372 doxologiam
1353 342 1395 366 eo
1419 334 1440 365 l.
1469 333 1606 365 scribe-

185 385 284 422 rent,
308 391 376 423 quo
397 384 564 414 truncata
583 381 778 414 Marcionis
799 380 907 413 editio
922 380 1113 420 epistolam
1131 377 1249 410 liniret
1268 380 1423 411 concedo
1442 381 1608 421 (Zeuma,

187 428 338 461 Boehm.
358 429 512 472 XXUL,
531 428 657 460 Rinck.
680 428 702 461 Ι.
723 427 793 470 c),
823 429 896 459 tum
917 427 1002 467 quia
1022 425 1225 459 Catholicos
1242 425 1482 466 depravatam
1503 426 1606 456 Mar-

183 474 296 506 cionis
313 475 500 507 editionem
518 481 635 515 angue
655 471 759 515 pejus
779 473 925 505 cavisse
948 473 1118 505 credibile
1143 473 1200 502 est
1219 479 1332 512 neque
1355 472 1426 504 ullo
1445 472 1607 509 testimo-

185 520 242 551 nio
261 527 323 552 eos
339 520 534 552 Marcionis
556 519 822 559 exemplaribus
841 519 907 551 sihi
928 519 1057 558 imponi
1078 525 1208 559 passos
1230 526 1314 549 esse
1333 520 1474 551 constat
1495 516 1608 556 (alio-

185 566 246 607 qui
264 567 416 599 Codices
436 567 646 598 haberemus
672 565 730 604 qui
750 568 786 597 et
807 573 839 596 c.
861 566 915 598 15.
934 569 968 597 et
986 567 1039 597 16.
1065 564 1271 596 omitterent
1289 568 1325 596 et
1348 564 1429 596 aliis
1447 563 1607 596 Marcio-

183 612 240 644 nis
261 612 553 651 corruptionibus
567 610 742 650 inquinati
760 613 918 653 essent),
948 615 1019 643 tum
1039 610 1204 651 quoniam
1224 611 1397 651 Origenes
1418 610 1608 649 (Rufinus)

183 658 232 689 ad
250 659 351 690 Rom.
370 660 425 697 16,
447 658 502 690 25.
529 657 622 688 illins
648 656 882 696 negligentiae
906 657 1110 696 suspicione
1136 657 1321 689 liberavit:
1365 673 1444 699 „—-
1463 658 1502 689 ln
1527 656 1608 688 aliis

184 711 273 736 vero
291 703 579 743 exemplaribus,
605 701 626 734 i.
639 710 670 734 e.
688 702 723 733 in
740 702 816 743 his,
837 711 934 744 quae
956 711 1028 733 non
1046 704 1137 734 sunt
1153 712 1178 733 a
1194 703 1393 736 Marcione
1407 704 1610 744 temerata,

124 770 127 772 -
181 750 246 781 hoc
265 749 384 789 ipsum
402 750 513 788 caput
535 750 612 789 (16,
631 747 813 786 25-27.)
842 747 990 779 diverse
1017 747 1173 788 positum
1198 749 1412 781 invenimus.
1434 768 1437 773 ‹
1458 749 1498 782 In
1517 757 1608 781 non-

181 795 289 828 nullis
317 795 408 827 enim
430 795 510 826 cdd.
527 797 608 834 post
632 802 711 825 eum
730 793 751 826 l.
771 802 876 834 quem
905 800 1020 832 supra
1041 793 1217 836 diximus,
1250 796 1279 826 h.
1300 803 1329 826 e.
1348 803 1455 827 omne
1480 796 1610 834 autem

125 858 129 872 J
181 841 282 884 qaod
296 850 371 873 non
388 842 444 873 est
462 849 510 873 em
527 839 601 881 fide
614 840 813 878 peccatum
836 841 893 872 est
915 839 1036 872 statim
1053 839 1251 871 cohaerens
1270 841 1442 872 habetur:
1474 841 1509 872 ei
1528 849 1609 879 ⁴au·-

181 888 275 928 tem,
316 887 382 929 qui
401 888 537 926 potens
563 888 620 919 est
637 894 704 918 vos
721 883 962 927 confirmare.
1008 885 1080 918 Alii
1097 893 1187 917 vero
1213 885 1302 918 Cdd.
1322 886 1359 918 in
1387 886 1457 918 fine
1481 886 1541 930 id,
1569 889 1610 918 ut

180 941 274 965 nunc
291 934 346 965 est
363 932 515 973 positum
535 928 749 964 continent.''
794 931 866 963 Alii
884 931 1015 964 multos
1035 930 1124 966 cdd.
1142 931 1370 972 doxologiam
1388 932 1608 975 post‘14s23.

183 979 274 1011 male
291 980 475 1011 continere
493 979 644 1011 credunt
662 982 876 1020 propterea,
903 979 996 1018 quod
1017 977 1159 1010 librarii
1179 987 1244 1018 per
1264 986 1422 1009 errorem
1441 979 1474 1010 ei
1492 979 1609 1011 locum

182 1025 387 1064 dedissent,
414 1033 517 1066 quem
534 1025 574 1058 in
593 1024 836 1058 Lectionariis
850 1023 932 1056 olim
955 1023 1180 1058 obtinuisset.
1228 1025 1322 1056 Nam
1347 1024 1430 1064 quia
1451 1024 1610 1066 antiqui-

181 1074 242 1103 tus
266 1080 298 1104 c.
319 1072 373 1105 15.
390 1075 424 1105 et
443 1073 496 1104 16.
517 1079 588 1103 non
602 1071 698 1104 lecta
715 1072 837 1103 essent
853 1070 889 1102 in
905 1066 1056 1103 ecclesi-ei
1068 1092 1079 1112 ,
1110 1071 1146 1101 in
1164 1071 1398 1110 pervetustis
1415 1072 1610 1104 Lectiona-

181 1117 248 1149 riis
268 1118 446 1156 pulcram
473 1117 697 1157 doxologiam
718 1126 764 1149 ne
788 1117 937 1156 periret
961 1117 1084 1150 ultimo
1102 1114 1188 1148 loco
1211 1123 1387 1149 annexam
1407 1125 1525 1161 esse,
1550 1116 1611 1157 qui

183 1164 322 1203 publice
342 1163 542 1205 legeretur,
564 1164 609 1194 de
635 1163 800 1195 Wettius
819 1162 970 1202 putavit.
1007 1163 1143 1195 Contra
1163 1163 1280 1201 Kopp.
1298 1163 1449 1207 Exodi«,
1470 1162 1610 1206 p.,404.,

183 1209 336 1242 Gabler.
356 1209 377 1239 1.
396 1218 428 1242 c.
445 1208 603 1251 xxw„
631 1208 772 1240 Koel-ln.
793 1209 840 1240 al.
867 1217 973 1248 quum
999 1217 1029 1242 c.
1051 1209 1106 1242 15.
1131 1209 1270 1249 publice
1295 1209 1435 1242 lectum⁷
1450 1218 1533 1242 esse
1552 1209 1610 1240 fa-

185 1256 350 1287 terentur
375 1263 440 1286 nec
461 1256 529 1287 uisi
559 1256 668 1294 caput
687 1255 761 1293 16.,
801 1253 884 1294 quia
912 1255 1148 1288 salutationes
1173 1256 1221 1287 ad
1250 1255 1327 1295 pios
1353 1264 1484 1288 seusus
1503 1255 1611 1297 ,φςςί-

183 1302 314 1334 tandos
346 1301 487 1334 inutiles
528 1301 848 1341 complecteretur,
895 1302 1191 1340 praetermissum
1224 1310 1309 1333 esse
1344 1303 1610 1343 contenderent,

183 1347 327 1389 dignam
345 1355 437 1388 quae
454 1347 595 1388 publice
614 1347 834 1378 recitaretur
853 1347 1074 1388 doxologiam
1092 1343 1127 1378 iu
1151 1348 1394 1389 perantiquis
1415 1349 1611 1380 Lectiona-

183 1394 249 1426 riis
265 1393 375 1432 capiti
396 1392 450 1425 14.
475 1392 611 1425 idcirco
628 1393 789 1424 additam
808 1401 889 1425 esse
906 1393 1042 1433 opinati
1062 1398 1165 1436 sunt,
1198 1393 1292 1433 quod
1311 1396 1345 1425 et
1361 1392 1407 1425 ibi
1427 1396 1510 1433 apte
1528 1395 1610 1435 poni

182 1439 266 1471 visa
296 1443 398 1471 esset
424 1448 540 1479 neque
561 1439 617 1479 15,
639 1441 692 1470 13.
723 1440 786 1470 aut
811 1439 867 1479 15,
891 1442 970 1481 33.,
1016 1447 1108 1479 quae
1130 1439 1152 1471 l.
1180 1439 1365 1471 clausulas
1389 1440 1612 1478 habuissem,

149 1504 153 1515 r
181 1487 281 1518 recte
298 1485 467 1517 collocari
494 1485 682 1524 potuisset.
731 1484 786 1515 lta
804 1493 912 1523 quum
929 1485 1151 1525 doxologiam
1176 1485 1238 1516 alii
1266 1486 1409 1516 codices
1429 1495 1515 1527 suo,
1548 1486 1611 1518 alii

122 1559 126 1563 .
149 1545 151 1547 ·
183 1538 227 1564 eo
242 1530 266 1562 l.
288 1530 551 1573 exhibuissent,
585 1538 653 1570 quo
678 1529 909 1562 Lectionaria
935 1532 1165 1570 habuissent,
1197 1531 1418 1563 Marcionem
1436 1532 1524 1566 cdd.
1544 1534 1611 1564 nu-

120 1599 126 1602 -
182 1576 365 1611 ctuatioue
383 1577 537 1609 abusum
552 1585 657 1614 esse,
681 1579 719 1608 ut
739 1583 973 1616 quaecunque
992 1580 1072 1616 post
1093 1576 1147 1618 14,
1166 1579 1222 1609 23.
1242 1577 1449 1617 legerentur
1471 1580 1612 1611 adulte-

121 1653 128 1660 ,
182 1623 264 1658 rina
290 1623 429 1656 diceret
452 1623 586 1663 opinati
615 1624 710 1654 sunt.
759 1622 865 1654 Vana
889 1623 976 1654 haec
1001 1620 1212 1664 conjectura
1239 1625 1317 1664 est,
1351 1624 1423 1655 nisi
1439 1627 1476 1657 et
1505 1633 1537 1657 c.
1557 1624 1613 1657 15.

119 1691 124 1696 ·
181 1669 310 1710 primis
340 1669 474 1703 seculis
495 1660 565 1702 non
591 1669 723 1700 lectum
747 1677 832 1700 esse
850 1669 989 1708 publice
1016 1673 1051 1702 et
1076 1668 1300 1701 Christianos
1327 1670 1522 1710 antiquitus
1545 1672 1611 1702 do-

99 1742 101 1745 ,
182 1710 320 1756 xologizi
340 1715 492 1747 mirifice
511 1716 707 1748 delectatos
724 1723 809 1747 esse
828 1715 1048 1748 ostenderis,
1081 1716 1224 1747 Nullum
1242 1716 1404 1755 equidem
1421 1715 1612 1757 utriusque

121 1776 138 1791 ε,
179 1762 237 1795 rei
255 1761 447 1803 vestigium
463 1760 695 1802 deprehendi.
740 1762 831 1793 Nam
850 1764 978 1794 nostra
997 1761 1231 1794 Lectionaria
1253 1770 1284 1793 c,
1306 1762 1360 1794 15.
1378 1765 1413 1795 et
1432 1765 1486 1795 16.
1512 1771 1612 1801 com-

120 1823 124 1828 ·
155 1838 157 1841 ⁴
181 1807 290 1850 plecti
313 1809 472 1842 constat.
494 1810 550 1846 (v,
579 1806 733 1840 indicem
766 1808 956 1840 lectionum
994 1808 1126 1840 eccleS.
1155 1808 1250 1847 apud
1283 1809 1407 1842 Matth.
1433 1809 1490 1841 ed.
1526 1807 1611 1851 maj.

121 1873 125 1882 .
183 1863 220 1894 p.
239 1854 347 1888 xxl.
361 1855 450 1895 sq.).
497 1854 590 1886 Mire
606 1855 724 1886 autem
745 1854 864 1892 Κορῇ.
886 1863 916 1885 c.
934 1856 987 1888 16.
1010 1854 1046 1886 in
1065 1850 1214 1886 ecclesi-21
1233 1862 1305 1887 non
1319 1856 1508 1888 recitatum
1523 1864 1612 1888 esse

119 1928 124 1934 .
181 1910 230 1935 ex
257 1909 300 1933 eo
327 1907 510 1942 apparere
532 1899 637 1942 dixit,
677 1901 771 1941 quod
793 1900 1004 1943 Euthalius,
1037 1909 1141 1940 quem
1170 1900 1345 1941 epistolae
1369 1903 1415 1934 ad
1432 1902 1533 1934 Rom.
1556 1904 1609 1934 19.

120 1973 126 1979 .
181 1942 367 1990 κεφάλαια
397 1946 571 1979 tribuisse
594 1955 697 1981 nemo
722 1946 860 1990 nescit,
902 1946 1211 1978 undevicesimum
1242 1953 1352 1985 caput
1375 1948 1452 1979 loco
1479 1948 1535 1983 15.
1553 1950 1610 1980 33.

121 2010 125 2014 -
182 1992 436 2028 terminaverit
463 1995 519 2031 (v.
546 1991 693 2025 collect,
719 2001 862 2025 monum
886 1995 955 2026 etc.
989 1994 1045 2025 ed.
1074 1993 1264 2034 Zac-aquia·
1295 2003 1327 2034 p.
1357 1994 1434 2027 576.
1446 1995 1476 2031 J.
1534 1995 1612 2026 Hoc

184 2039 290 2080 quale
316 2039 364 2072 sit
388 2048 434 2072 ne
461 2038 607 2080 intelligi
633 2039 778 2080 quidem
805 2042 948 2080 potest,
993 2039 1065 2071 nisi
1095 2039 1186 2072 forte
1211 2039 1377 2081 Koppius
1407 2034 1613 2081 κεφάλαιον

183 2094 266 2118 cum
284 2080 510 2128 ἀνάγνωσμα
531 2081 830 2125 ἐκκλησιαστικόν
853 2085 1024 2118 confudit.
1075 2086 1168 2124 Quin
1196 2089 1293 2118 reete
1323 2086 1456 2117 nullum
1471 2087 1613 2119 Eutha-

183 2131 254 2165 lius
274 2127 478 2175 κεφάλαιον
505 2134 796 2172 (argumentum,
828 2131 1082 2169 summarium]
1111 2131 1234 2163 ultimo
1252 2131 1358 2171 capiti
1377 2132 1494 2170 dedit,
1527 2133 1613 2173 quia

145 2203 150 2212 .
182 2178 270 2211 nihil
298 2185 410 2218 paene
433 2177 503 2210 nisi
530 2178 771 2210 salutationes
799 2179 967 2210 continet.
1029 2179 1117 2209 Item
1141 2177 1295 2210 Euthalii
1322 2172 1504 2219 zulcimin
1534 2179 1611 2219 epi-

184 2224 301 2256 stolae
318 2225 344 2256 1.
373 2226 419 2257 ad
437 2225 520 2258 cor.
550 2228 660 2263 caput
678 2226 731 2266 16.
756 2232 826 2255 non
848 2225 1134 2264 complectuntur
1167 2226 1222 2261 (ν.
1244 2226 1411 2263 Zacaqn.
1442 2234 1473 2263 p.
1499 2225 1611 2261 5930.

184 2265 278 2301 Num
304 2269 438 2304 idcirco
464 2272 530 2303 lioc
548 2274 658 2309 caput
682 2279 751 2302 non
769 2270 907 2310 publice
932 2272 1061 2302 lectum
1083 2266 1164 2302 est?
1207 2269 1378 2301 Ceterum
1406 2272 1613 2303 Euthalium

186 2317 295 2355 caput
313 2316 367 2350 15.
385 2321 419 2350 et
440 2319 494 2350 16.
518 2317 562 2347 ad
583 2317 742 2349 ultimam
763 2317 958 2356 (quintam)
989 2316 1166 2355 epistolae
1192 2312 1404 2356 ἀνάγνωσιν
1425 2318 1612 2349 rettulisse

187 2360 322 2402 στίχων
353 2363 570 2402 computatio
597 2363 701 2395 docet
728 2365 783 2400 (v.
808 2365 975 2403 theayn.
1006 2372 1040 2402 p.
1069 2362 1180 2398 5380.
1248 2363 1298 2394 De
1332 2362 1466 2395 Wettz‘z·
1489 2367 1610 2396 autem

187 2405 306 2446 opinio
328 2409 531 2441 vanissima
555 2412 624 2441 est.
671 2411 762 2441 Nam
787 2409 817 2439 si
846 2408 942 2446 loca,
983 2408 1110 2448 quibus
1136 2408 1181 2438 de
1205 2408 1282 2439 suis
1308 2409 1419 2442 rebus
1430 2409 1471 2444 P,
1485 2413 1613 2451 ageret

118 2470 129 2475 —
187 2452 328 2494 publice
343 2454 495 2495 legenda
509 2462 577 2487 non
600 2455 788 2487 duxissent
808 2453 1002 2486 Christiani
1022 2453 1241 2495 antiquitus,
1272 2453 1501 2488 [lectionaria
1518 2456 1612 2488 male

169 2498 346 2530 exclusis
366 2508 441 2532 vss.
461 2501 515 2539 1⁴5,
535 2502 673 2534 1—13.
710 2504 846 2534 temere
875 2501 1080 2532 finivissent
1100 2498 1155 2534 14.
1176 2503 1242 2532 23..
1290 2501 1360 2531 Sed
1381 2498 1459 2542 jam
1487 2504 1611 2534 seculo

188 2544 295 2577 tertio
313 2545 509 2579 Christiani
532 2541 630 2578 tanta
653 2547 871 2586 scriptorum
900 2556 951 2577 ss.
971 2541 1174 2578 reverentia
1201 2545 1321 2579 imbuti
1346 2550 1541 2590 eraut,‚.ut
1566 2557 1611 2580 ne

186 2591 295 2624 litera
312 2592 455 2632 quidem
475 2593 518 2624 ab
535 2593 774 2633 Evangelista
791 2596 853 2625 aut
868 2593 1040 2633 Apostolo
1067 2590 1205 2630 scripta
1227 2592 1270 2624 iis
1300 2600 1370 2624 non
1388 2595 1611 2634 gravissima

188 2637 386 2670 videretur.
424 2640 469 2670 Et
487 2638 567 2678 quis
584 2638 719 2675 nescir,
743 2638 958 2677 interpretes
978 2644 1013 2670 et.
1030 2640 1194 2671 oratores
1213 2647 1266 2670 ss.
1284 2647 1428 2678 operam
1448 2641 1611 2680 dedisse,

189 2686 231 2716 ut
262 2684 544 2725 velvulgaiibus
572 2685 828 2722 Apostolorum
855 2684 959 2717 dictis
985 2685 1109 2717 nescio
1138 2684 1221 2724 quid
1245 2684 1429 2727 profundi
1456 2688 1611 2718 subesse

190 2726 387 2763 docerent?
435 2730 630 2763 Dicendum
657 2738 750 2763 nunc
775 2736 832 2761 est
861 2730 906 2761 de
942 2731 1112 2772 Benqelii
1144 2728 1342 2773 sententia),
1382 2732 1442 2772 qui
1469 2734 1607 2771 Appar.

186 2776 270 2809 crit.
298 2777 425 2817 p,657.
461 2777 666 2821 „Videntur
694 2775 845 2816 Graeci,
882 2776 1013 2821 inquit,
1047 2785 1090 2809 ne
1114 2776 1220 2810 lectio
1246 2778 1386 2817 publica
1411 2779 1530 2817 [Rom.
1555 2778 1609 2818 14,
