1752 3347
541 207 631 252 CA
649 207 700 253 Ρ.
734 207 844 251 Ill.
880 208 970 252 Vs.
1001 209 1062 254 4..
1459 207 1540 248 157

66 317 233 373 (pacando
242 315 273 372 j
285 316 424 357 mlex
442 316 566 357 sede
579 330 634 357 as
653 319 816 371 (neque
833 315 948 358 enim
961 313 1100 374 judex
1121 314 1217 371 ipse
1236 314 1367 356 cansa
1390 313 1537 367 vincit,

66 372 146 415 sed
174 378 273 415 uter
310 372 578 424 litigantium
618 373 748 414 causa
789 372 957 426 vincat,
1004 377 1103 414 uter
1138 370 1266 414 cadat
1303 369 1537 424 decernit),

66 438 210 486 *qtfflugq
234 430 294 470 ita
311 429 589 485 interpretati
612 432 737 472 sunt:
766 430 932 486 quando
957 433 999 471 te
1029 428 1183 484 uliquis
1203 426 1371 483 judicio
1398 427 1536 483 subja-

67 481 143 528 cii'
165 487 208 529 i.'
237 501 280 542 q.
309 486 475 540 (lucendo
506 487 551 527 in
571 485 784 539 judicium
818 487 1004 539 vocare'S,
1048 483 1092 526 ἐν
1119 485 1181 539 τῷ
1207 481 1441 538 κρίνεσθαί
1469 498 1533 525 σε.

65 541 191 597 (Non
211 542 349 595 igitur
366 540 500 582 Lxx
518 550 632 593 ιοευρη
654 556 732 597 pro
755 546 845 593 122th
869 543 911 583 in
941 558 1020 584 suo
1043 539 1202 584 Codice
1230 541 1442 598 scriptum
1469 540 1537 582 in-

66 599 296 651 venerant)
311 597 417 638 Toti
439 596 666 639 vs.Lxx.
687 598 799 638 hunc
819 596 993 639 s'ensum
1016 597 1318 655 subjecerunt:
1348 612 1414 639 me
1436 611 1535 654 pec-

64 669 190 697 casse
210 653 325 696 haud
347 652 564 705 diffiteor,
594 657 666 703 ut,
695 655 732 694 si
753 659 978 707 peccatum.
1005 655 1238 709 confitendo
1266 655 1311 696 id
1339 654 1537 711 consequi

63 711 246 764 possim,
275 708 396 764 (vide
417 707 471 750 de
493 704 617 757 ὅπως
633 703 685 749 ὄὶν
703 714 793 751 not.
815 708 870 750 ad
890 708 1050 754 Matth.
1070 726 1111 767 p.
1134 712 1257 766 261.)
1285 711 1329 752 in
1359 716 1534 752 senten-

63 767 141 808 tiis
176 764 371 808 ferendis
400 763 552 824 justus
589 778 689 806 esse
720 764 990 820 intelligaris
1020 772 1301 823 emergatque
1329 773 1373 810 te
1401 767 1535 809 causa

64 823 235 865 vincere
254 823 396 877 (νικᾶν
413 822 579 863 vincere
594 822 639 864 in
653 820 846 877 judicio3
888 823 944 866 cf.
965 822 1136 866 Elsner.
1165 828 1208 864 et
1247 823 1446 867 Wetsten.
1476 822 1535 865 ad

63 879 107 923 h.
124 879 203 936 l.)‚
235 893 365 936 quum
386 877 441 919 ab
459 877 707 920 hominibus
727 877 771 920 in
800 882 875 921 tua
903 879 1020 921 facta
1048 878 1182 936 impie
1210 879 1536 936 inquirentibus

61 940 269 992 tanquam
299 936 343 978 in
375 933 582 992 judicium
611 935 799 979 voceris.
855 934 985 978 Nunc
1011 936 1262 992 quaeritur,
1302 950 1535 992 quamnam

62 992 325 1035 sententiam
346 983 399 1036 P.
417 992 567 1034 allatis
589 1006 630 1035 v.
651 991 835 1034 subesse
854 992 1062 1037 voluerit.
1117 991 1211 1036 Ubi
1234 992 1318 1034 duo
1346 994 1533 1035 maxime

62 1048 246 1093 tenenda
270 1054 396 1098 sunt3
422 1063 577 1102 unum,
607 1048 789 1106 perinde
816 1065 937 1102 esse,
976 1064 1026 1091 ac
1055 1048 1096 1091 si
1121 1050 1337 1092 δικαιοῖ
1369 1048 1414 1092 ἐν
1440 1052 1535 1100 τοῖς

64 1104 216 1162 λόγοις
234 1121 315 1148 σου
336 1107 411 1148 καὶ
433 1106 590 1155 νικᾶς
616 1104 663 1148 ἐν
681 1107 744 1162 τῷ
767 1104 1002 1161 κρίνεσθαί
1021 1119 1082 1148 σε.
1139 1107 1233 1163 Ap.
1264 1106 1534 1163 scripsisset,

63 1177 196 1219 quum
218 1159 343 1213 ὅπως
364 1156 417 1203 ἄν
438 1176 534 1204 cum
555 1161 841 1222 subjunctivo
870 1162 926 1205 ad
951 1163 1038 1206 loci
1065 1163 1251 1220 abrupte
1281 1163 1408 1205 allati
1430 1178 1535 1205 con-

62 1223 228 1261 textam
250 1220 489 1261 orationem
508 1219 734 1275 pertinens
756 1220 866 1262 nihil
894 1219 950 1262 ad
974 1219 1024 1264 P.
1054 1221 1286 1263 consilium
1316 1220 1536 1271 conferat3

62 1277 273 1329 alterum,
315 1276 394 1318 hac
424 1282 568 1318 mente
592 1279 685 1333 Ap.
710 1276 878 1318 Psalmi
904 1291 945 1321 v.
972 1278 1204 1331 attulisse,
1242 1283 1293 1319 ut
1321 1276 1397 1319 τὸν
1423 1275 1535 1318 θεὸν

62 1326 176 1375 εἶναι
194 1329 367 1388 ἀληθῆ,
399 1331 544 1374 πάντα
568 1333 616 1375 δὲ
637 1335 878 1389 ανθρωπον
906 1333 1104 1390 ψεύστην
1133 1333 1402 1378 ostenderet.
1458 1332 1534 1375 Ita

63 1390 200 1444 igitur
227 1388 486 1446 explicanda
518 1394 642 1443 sunt,
679 1395 729 1431 ut·
755 1391 862 1433 haec
890 1390 947 1432 iis
963 1391 1192 1433 ‘sententia
1216 1391 1340 1434 insit.
1407 1388 1534 1445 Quae

61 1461 169 1488 sane
191 1446 506 1502 quodammodo
530 1446 660 1499 inest,
689 1447 729 1488 si
750 1445 853 1497 τοὺς
875 1446 1032 1504 λόγους
1050 1448 1129 1489 τοῦ
1150 1449 1263 1490 θεοῦ
1280 1447 1533 1499 sementim,

60 1517 167 1558 quas
177 1503 323 1558 judea:
339 1501 459 1557 ferat
477 1503 788 1559 interpreteris
811 1508 855 1546 et
875 1518 916 1547 v.
937 1502 982 1545 ἐν
1000 1503 1063 1559 τῷ
1091 1500 1327 1561 κρίνεσθαί
1357 1517 1405 1545 σε
1434 1517 1532 1544 cum

62 1559 266 1611 Elsner0‚
304 1558 476 1611 Wetst.,
520 1558 673 1615 Wolf„
709 1557 929 1621 Illorofal.
961 1559 1031 1601 ube·
1062 1561 1107 1602 in
1127 1559 1345 1615 'judicium
1372 1560 1532 1602 voceris

61 1629 242 1670 enarres
277 1614 321 1658 h.
351 1628 415 1658 r.:
453 1619 502 1657 ut
519 1613 672 1671 justus
699 1618 760 1658 sis
784 1616 831 1657 in
857 1616 1084 1658 sententiis
1108 1616 1299 1673 ferendis
1325 1621 1367 1658 et
1397 1618 1532 1658 caasa

58 1674 230 1725 vincas,
255 1685 385 1729 qumn
403 1671 457 1713 ab
477 1671 719 1714 hominibus
737 1673 840 1727 (sun
860 1676 974 1714 sorte
1002 1672 1183 1725 minus,
1198 1673 1430 1726 contentis)
1456 1685 1530 1714 ae-

57 1730 236 1773 caseris.
299 1726 416 1770 Nam
446 1727 486 1770 si
513 1727 640 1770 Deus
667 1732 716 1770 et*
731 1729 881 1787 justus
906 1731 976 1772 est
996 1727 1135 1787 judex
1165 1733 1210 1771 et
1236 1729 1371 1770 causa
1396 1728 1533 1770 vincit

57 1799 162 1828 reus
182 1784 238 1827 ab
267 1784 514 1827 hominibus
543 1786 710 1838 factus,
750 1790 947 1827 sanetum
973 1800 1072 1827 esse
1100 1785 1272 1839 Deum,
1306 1784 1532 1843 improbos

58 1842 281 1895 homines,
321 1841 396 1898 qui
419 1842 466 1883 in
493 1842 711 1884 insontem
744 1842 927 1884 crimina
957 1846 1195 1897 congerant
1221 1843 1378 1886 elucet.
1438 1840 1532 1885 Sed

58 1899 264 1955 quoniam
285 1898 375 1940 Dei
396 1900 612 1941 veracitas
631 1894 678 1955 (ἡ
699 1897 850 1949 πίστις
868 1914 906 1943 s.
927 1892 953 1954 ἡ
976 1897 1171 1954 ἀλήθεια
1190 1900 1270 1942 τοῦ
1290 1899 1405 1941 θεοῦ
1419 1913 1462 1943 V.
1484 1898 1530 1943 3.

54 1958 123 2010 4.)
147 1956 210 2000 V.
235 1955 294 2000 T.
320 1957 418 1997 loco
438 1956 516 1997 hic
549 1954 842 1997 confirmanda
872 1959 989 2010 erat,
1038 1955 1234 1998 dubitari
1264 1955 1339 1998 vix
1367 1959 1532 2012 potest,

57 2013 163 2069 quin
185 2010 229 2055 οἱ
249 2009 375 2066 λόγοι
392 2013 471 2053 τοῦ
492 2013 606 2054 θεοῦ
636 2012 801 2056 rectius
831 2011 887 2054 ad
916 2022 968 2054 ea
989 2012 1079 2054 Dei
1105 2011 1233 2054 effata
1264 2013 1531 2064 referantur,

57 2069 217 2127 quibus
237 2067 408 2125 aliquid
437 2068 497 2111 sit
522 2069 748 2126 pollicitus
772 2069 816 2113 h.
848 2083 930 2112 m.:
966 2074 1015 2111 ut
1033 2066 1184 2124 justus
1209 2070 1292 2122 sis,
1327 2069 1400 2111 ubi
1427 2082 1529 2122 pro-

54 2127 189 2169 missa
207 2125 376 2169 dederis
390 2129 435 2167 et
461 2129 596 2168 cansst
623 2127 792 2179 vincas,
830 2140 959 2182 qecum
986 2125 1040 2167 ab
1070 2125 1309 2168 hominibus
1335 2126 1381 2167 in
1403 2124 1526 2181 judi-

57 2183 169 2224 cium
187 2183 361 2226 voceris,
421 2181 598 2239 Quippe
621 2182 797 2224 siDeus
817 2182 1037 2240 promissa
1058 2187 1218 2235 servat,
1237 2196 1373 2224 verax
1390 2178 1528 2238 (ἁλη-

56 2234 167 2293 θής)
183 2244 274 2292 est3
304 2239 345 2281 si
365 2239 498 2281 causa
515 2239 651 2282 vincit
671 2239 716 2280 in
731 2238 808 2298 jus
830 2235 885 2281 ab
904 2238 1154 2281 hominihus
1175 2242 1352 2283 vocatus
1366 2270 1379 2290 ,
1408 2252 1528 2280 men-

54 2295 184 2336 daces
211 2301 313 2339 sunt
339 2295 537 2338 homines
565 2297 825 2352 (ψεῦσται),
876 2296 954 2352 qui
981 2296 1112 2352 fidsa's
1139 2295 1397 2337 criminibus
1423 2308 1526 2336 san-

57 2350 300 2395 ctissimum
318 2367 475 2394 numen
495 2353 738 2396 onerarint.
777 2351 1054 2409 Quamquam
1072 2367 1150 2410 per
1168 2350 1379 2408 loquendi
1398 2365 1526 2393 usum

57 2411 102 2450 et
120 2413 365 2451 contextam
385 2409 628 2451 orationem
645 2424 732 2451 non
755 2410 899 2452 minus
919 2409 1028 2464 ferri
1046 2414 1194 2467 potest
1215 2422 1363 2450 eorum
1387 2407 1527 2450 inter-

57 2468 268 2521 pretatio,
297 2465 373 2521 qui
392 2469 454 2521 (v.
475 2466 710 2520 c.‚Benqel.
741 2470 785 2508 et
801 2466 1009 2521 Beneck.)
1036 2463 1270 2522 κρίνεσθαι
1293 2462 1526 2507 Passivum

57 2521 132 2564 tire
153 2523 403 2565 contendere
423 2521 603 2577 (Matth.
625 2523 751 2576 5,40.
779 2525 803 2564 1
827 2522 930 2566 Cor.
949 2524 991 2574 6,
1006 2523 1047 2565 1.
1074 2523 1116 2565 6.
1148 2521 1300 2566 LXX.
1328 2520 1357 2566 J
1358 2521 1428 2566 ob.
1451 2522 1522 2576 13,

58 2579 127 2623 19.
147 2579 241 2624 JeS.
260 2577 412 2631 43‚26.
434 2578 528 2622 Jer.
547 2579 589 2631 2,
600 2580 694 2634 35.)
712 2583 1036 2636 exposuerunt:
1054 2603 1108 2609 —-
1135 2583 1180 2620 et
1201 2582 1248 2619 ut
1268 2582 1401 2620 cause
1429 2580 1523 2621 vin-

57 2651 155 2689 cas,
185 2649 313 2693 qvcum
339 2639 386 2676 tn
417 2635 489 2677 lite
518 2637 746 2677 contendas
775 2635 943 2690 (verbis
972 2634 1027 2676 de
1047 2633 1154 2692 jure
1178 2633 1398 2692 disceptes
1423 2650 1521 2677 cum

55 2692 339 2743 hominibus).
399 2689 627 2733 Interdum
648 2692 761 2732 enim
783 2691 908 2732 Deus
928 2692 973 2732 in
993 2691 1053 2734 V.
1073 2690 1132 2734 T.
1153 2706 1246 2733 cum
1271 2690 1524 2734 hominibus

55 2749 258 2809 injuriam
279 2748 365 2791 sibi
384 2763 408 2790 a
426 2747 525 2790 Deo
546 2748 705 2789 factam
726 2747 1011 2803 querentibus
1030 2748 1111 2789 hoc
1129 2753 1284 2791 eventu
1311 2754 1522 2806 expostu-

55 2802 143 2860 lat,
180 2811 230 2849 ut
250 2820 299 2848 se
320 2810 518 2847 sanctum
544 2809 588 2845 et
614 2803 872 2858 benignum,
908 2804 1108 2846 homines
1139 2804 1337 2860 ingratos
1363 2810 1408 2848 et
1439 2805 1522 2846 im-

56 2863 218 2919 probos
238 2877 337 2906 esse
360 2861 510 2905 doceat
531 2876 571 2905 v,
595 2875 632 2905 c.
652 2859 745 2906 Jer.
765 2860 888 2914 2,35.
906 2875 975 2917 sq.
1005 2860 1137 2907 Mich.
1155 2862 1198 2915 6,
1209 2862 1252 2908 2.
1275 2876 1362 2918 sq..
1420 2862 1519 2906 Jam
