1752 3347
500 169 661 217 cAP.
693 170 788 216 lv.
824 171 915 216 Vs.
948 172 1046 216 16..
1416 171 1503 215 23⁵

26 292 70 323 v.
96 277 166 323 14.
186 277 277 334 15.)
303 278 444 336 fidei
471 279 635 323 Abrah.
665 279 840 335 eiusque
856 281 1049 333 posteros
1069 276 1158 320 Dei
1169 277 1498 333 promissionem

25 339 248 390 acceptam
272 335 438 392 referre
474 336 811 378 aeas-{inamata
850 340 929 379 est.
997 333 1099 377 Non
1125 337 1329 376 accurate
1359 334 1497 389 Mor„

24 390 185 435 Rueck.
214 393 297 435 aL:
346 390 421 434 διὰ
449 394 581 434 τοῦτο
613 392 661 435 ἐκ
691 390 902 447 πίστεως]
942 392 1043 435 scil.
1083 388 1109 447 ἡ
1140 389 1497 448 κληρονομία

23 446 222 503 ἐγένετο.·
267 449 380 490 male
410 448 595 492 Lecileer.
633 448 707 490 διὰ
736 449 866 489 τρῖ-το
899 447 946 489 ἑκ
974 446 1186 504 πίστεως]
1227 463 1292 492 sc.
1336 445 1360 504 ἡ
1401 449 1494 489 ὄι-

24 502 296 559 καιοσύνη
335 504 476 553 (unde
512 501 678 559 haec?)
718 503 847 545 ἐστίν.
895 507 1126 562 (berbalbcn
1164 507 1257 558 1¹¹1!ss
1295 507 1356 550 bie
1395 505 1495 550 (ὃν

23 562 311 615 τεώτίςςέείῑ
340 564 456 608 hurd>
476 565 546 605 ben
571 562 987 615 (Θιαιώσηῖοιηηιση).
1046 560 1117 602 ἵνα
1140 560 1250 603 κατὰ
1268 559 1419 618 χάριν]
1448 558 1493 619 ᾗ,

21 615 140 688 (nied
210 621 279 657 ost
313 614 384 657 ἵνα
423 616 468 657 in
503 617 728 657 nonnullis
767 616 980 658 subsidiis
1016 618 1099 673 (A.
1136 618 1208 661 45.
1235 618 1311 661 80.
1359 618 1495 662 Arm.

20 672 55 716 '1
66 673 178 729 h'eop
196 673 256 725 1.)
304 686 326 713 e
369 671 497 726 yloss.
542 673 733 726 legitur,
791 672 1010 726 coqe'tando
1058 673 1353 731 adjiciendum
1404 679 1493 718 est.

17 728 158 772 Recte
180 729 292 771 enim
314 726 446 770 verba
466 729 752 781 omittuntur,
780 741 891 784 quae
914 730 1078 771 omissa
1102 724 1201 774 esse
1224 746 1247 773 e
1265 732 1354 773 loci
1373 745 1493 773 nexu

18 789 64 828 et
84 785 309 828 structura
327 785 470 828 lector
489 787 621 829 facile
639 789 890 841 eognoscat.
950 785 1088 843 Soph.
1110 786 1180 831 El.
1209 803 1249 831 v.
1269 787 1370 831 361.
1399 804 1494 842 wy-

19 842 92 885 δέν
117 843 233 896 πρὸς
263 838 396 896 ὀργήν
419 843 539 895 (scil.
565 841 706 897 λέγε),
738 837 853 897 πρός
881 842 1015 884 θεῶν.
1074 844 1103 884 2
1123 844 1224 888 Cor.
1245 845 1297 896 8,
1317 845 1406 890 13.,
1426 841 1494 886 Οὐ

15 894 102 955 γὰρ
132 896 203 940 ἵνα
233 896 386 948 ἄλλοις
418 897 564 950 ἔνεσις
589 896 687 952 ὑμῖν
715 899 762 941 δὲ
788 895 956 954 θλίψις
981 900 1066 954 (sc.
1084 894 1154 956 ᾖ),
1198 898 1290 942 ἀλλ’
1317 900 1367 952 ἐξ
1388 897 1493 943 ἶσό-

14 969 148 1011 τητος
175 952 221 997 ἑν
248 960 310 1010 τῷ
340 956 413 997 νῦν
444 959 586 1012 καιρῷ
616 955 667 997 τὸ
695 950 815 1009 ὑμῶν
841 952 1120 1011 περίσσευμα
1149 953 1213 1006 εἷς
1234 955 1284 999 τὸ
1312 955 1492 1000 ἐκείνων

14 1005 242 1067 ὑστέρημα
260 1015 344 1069 (sc.
363 1013 604 1067 γενέσθω),
643 1010 714 1054 ἵνα
743 1013 819 1053 καὶ
844 1011 895 1054 τὸ
920 1010 1096 1054 ἐκείνων
1114 1011 1393 1068 περίσσευμα
1412 1012 1492 1069 γε’-

14 1083 143 1124 νηται
165 1066 230 1118 εἰς
257 1065 311 1112 τό
336 1064 456 1119 ὑμῶν
471 1065 719 1126 ὑστέρημα,
752 1065 877 1118 ὅπως
896 1067 1074 1125 γένηται
1092 1065 1259 1126 ἰσότης.
1320 1071 1420 1113 Gal.
1443 1070 1490 1124 2,

13 1124 58 1168 9.
97 1125 150 1178 5,
180 1125 249 1170 13.
309 1125 402 1171 Cic.
422 1127 484 1171 D.
508 1120 573 1170 N.
603 1125 664 1170 D.
684 1125 734 1179 2,
754 1126 807 1178 4,
830 1126 921 1168 115
959 1128 1174 1182 Augures
1204 1141 1299 1169 rem
1330 1127 1386 1169 ad
1415 1141 1489 1169 se·-

13 1185 165 1223 natum
196 1182 280 1238 (se.
307 1184 609 1238 rettulerunt).
666 1182 738 1224 De
760 1181 850 1226 Off.
879 1184 929 1236 l,
955 1184 1034 1237 11,
1064 1184 1135 1227 33.
1157 1209 1212 1215 —
1240 1188 1292 1226 ut
1321 1188 1367 1225 et
1390 1184 1490 1242 ipse

11 1252 69 1281 ne
89 1237 195 1295 quid
214 1240 304 1281 tale
326 1241 511 1297 posthac
541 1242 626 1296 (sc.
652 1240 789 1281 faciat
813 1253 851 1283 S.
872 1241 1139 1296 committat)
1159 1267 1236 1284 ——.
1293 1240 1356 1286 H.
1374 1241 1410 1286 l.
1432 1239 1491 1287 P.

10 1295 216 1338 consulto
234 1290 264 1354 ἦ
281 1299 518 1340 reticuisse
537 1296 735 1350 videtur,
764 1300 857 1338 tum
885 1300 936 1338 ut
964 1312 1006 1340 v.
1033 1294 1105 1338 ἵνα
1124 1297 1236 1339 κατὰ
1252 1294 1383 1352 χάριν
1408 1297 1488 1340 ab·

11 1357 172 1410 ruptae
192 1354 288 1396 voci
310 1352 385 1397 διὰ
404 1360 537 1398 τοῦτο
559 1352 606 1396 ἐκ
626 1351 820 1403 πίστεως
839 1350 997 1395 melius
1018 1353 1365 1412 responderent,
1393 1359 1488 1397 tum

11 1418 70 1461 ob
92 1420 297 1477 proxima
325 1436 367 1465 v.
398 1418 463 1471 εἰς
489 1418 542 1463 ‘co‘
563 1412 682 1460 εἶναι
706 1422 801 1473 βεβ.
829 1419 906 1477 τὴν
937 1419 1284 1476 ἐπαγγελίαν
1311 1440 1349 1464 κ.
1370 1437 1409 1463 τ.
1430 1422 1488 1464 λ..

12 1475 211 1520 Sensus:
256 1477 356 1518 hinc
378 1476 482 1530 fidei
506 1477 812 1520 Abrahamum
847 1476 1030 1534 ejusque
1059 1483 1264 1535 posteros
1293 1478 1488 1536 promis-

8 1547 108 1575 sum
135 1531 295 1575 dehere
323 1533 605 1575 statuendum
633 1538 728 1586 est,
770 1536 820 1573 ut
855 1548 936 1589 pro
974 1533 1265 1577 benevolentia
1297 1535 1485 1579 eveniat.

7 1588 183 1648 Nempe
209 1590 424 1647 promissi
451 1589 665 1631 notionem
696 1587 895 1642 exigere,
932 1593 983 1630 ut
1011 1605 1035 1631 e
1053 1590 1331 1642 liberalitatis
1361 1592 1485 1634 fonte

5 1646 118 1690 fluat
145 1648 208 1703 (v.
236 1645 349 1690 adv.
374 1647 444 1690 14.
466 1644 559 1700 15.)
584 1645 739 1702 reique
768 1645 990 1687 notionem
1020 1647 1145 1700 tolli,
1175 1647 1216 1689 si
1247 1649 1346 1704 quis
1377 1663 1484 1705 pro-

7 1703 265 1746 missionem
292 1718 316 1745 ει
345 1704 444 1758 lege
471 1717 582 1746 mos.
613 1703 812 1744 coelestes
838 1703 929 1744 iras
950 1703 1177 1759 pariente,
1206 1719 1294 1746 non
1317 1705 1484 1747 benefi-

6 1760 92 1802 eiis
114 1760 313 1803 homines
343 1759 591 1812 afficiente,
625 1762 832 1816 repetere
863 1760 1198 1818 sustineat'Ap.
1226 1777 1268 1805 v.
1291 1761 1361 1804 15.
1389 1776 1484 1804 mo-

4 1818 120 1861 nuit.
183 1816 351 1859 Vocem
379 1814 467 1867 εἶς,
509 1830 641 1873 quam
668 1815 874 1873 plerique
907 1814 960 1858 de
990 1821 1147 1860 eventu
1185 1821 1366 1860 sumunt
1397 1819 1484 1875 (ita

5 1875 102 1930 ut),
131 1873 290 1916 melius
311 1873 445 1928 finem
477 1872 678 1916 indicare
706 1873 959 1924 existimes,
991 1874 1054 1915 ita
1088 1874 1286 1929 quidem,
1316 1878 1367 1917 ut
1387 1890 1484 1918 eam

6 1945 33 1972 a
51 1946 94 1975 v.
121 1927 194 1971 ἵνα
221 1929 331 1971 κατὰ
347 1927 476 1987 χάριν
501 1928 765 1987 suspendas,
823 1927 1018 1972 Pulchre
1042 1932 1159 1972 enim
1179 1932 1260 1973 hoc
1278 1930 1405 1973 modo
1425 1931 1483 1977 Ρ.
1530 1981 1534 1987 ,

0 1986 105 2042 fidei
132 1986 401 2043 promissum
428 1985 709 2028 tribuendum
739 1999 838 2026 esse
869 1985 1000 2040 dicit,
1039 1991 1088 2027 ut
1109 1989 1283 2045 scopuli
1313 1988 1482 2031 eviten-

5 2046 107 2095 tur,
144 2042 202 2084 ad
229 2057 339 2100 quos
369 2042 494 2083 allisi
512 2042 786 2097 naufragium
816 2042 1008 2096 faciant,
1040 2044 1116 2099 qui
1146 2045 1229 2099 qui
1246 2059 1352 2089 moe.
1373 2059 1480 2102 pro-

5 2100 191 2144 missum
208 2099 409 2141 tribuant
433 2101 496 2155 (v.
519 2099 588 2142 14.
611 2100 724 2154 15.):
762 2113 897 2155 quare
927 2099 978 2141 ob
1002 2098 1131 2153 fidem
1151 2100 1327 2145 Abrah.
1358 2103 1480 2163 ejus-

6 2171 92 2213 que
131 2155 345 2198 familiam
381 2155 471 2197 Dei
505 2156 772 2212 promissum
810 2155 973 2198 hahere
1013 2156 1135 2198 credi
1171 2172 1253 2215 par
1277 2162 1371 2211 est,
1421 2173 1478 2201 ne

7 2211 147 2269 [quod
172 2212 385 2270 promissi
410 2212 531 2254 notio
564 2216 610 2255 et
636 2217 795 2254 natura
824 2214 994 2269 poscit3
1022 2214 1078 2257 cf.
1109 2217 1267 2271 supra]
1297 2230 1384 2257 non
1412 2216 1478 2258 sit

3 2269 335 2312 benevolentiae
364 2268 691 2324 documentum,
721 2273 771 2310 ut
803 2269 883 2324 [sic
908 2270 953 2314 h.
975 2283 1015 2313 e.
1036 2284 1168 2327 quum
1191 2272 1254 2313 sit
1273 2272 1478 2327 benigni-

2 2327 113 2369 tatis
153 2325 477 2383 documentum]
516 2331 680 2369 cerium
703 2323 959 2383 firmumque
992 2326 1055 2368 sit
1085 2329 1356 2384 promissum
1387 2330 1476 2372 toti

2 2383 200 2426 familiae
233 2383 338 2439 [non
362 2384 537 2426 irritum
568 2384 650 2436 sit3
691 2381 806 2439 quod
831 2383 962 2425 nihili
991 2397 1099 2426 sane
1137 2389 1279 2439 esset,
1317 2386 1360 2427 si
1397 2386 1473 2428 lex

2 2454 108 2484 mos,
128 2440 242 2482 iram
257 2454 494 2497 poenasque
510 2440 685 2494 spiram
713 2440 980 2496 promissum
1001 2440 1263 2484 Abrahamo
1289 2443 1473 2485 attulis-

3 2501 98 2549 set,
134 2497 190 2540 cf.
211 2511 252 2540 V.
275 2496 347 2540 14.
376 2513 414 2538 κ.
436 2494 705 2552 κατήργηται
724 2493 747 2552 ἡ
770 2494 1061 2554 ἐπαγγελία]
1117 2497 1320 2556 βεβαίαν]
1345 2499 1471 2543 Tho-

2 2568 97 2596 mas
118 2552 263 2608 Maga:
291 2552 473 2606 βέβαιος
499 2551 576 2595 ἐπὶ
596 2553 789 2608 θηλικοῦ
817 2555 1032 2606 κρεῖττον,
1065 2548 1092 2608 ἢ
1118 2553 1294 2607 βεβαία.
1351 2555 1469 2600 Gon-

1 2614 175 2653 stanter
196 2610 305 2651 hanc
327 2610 511 2650 formam
542 2608 618 2651 ἐπὶ
637 2610 831 2664 θηλικοῦ
851 2609 912 2652 N.
936 2608 995 2653 T.
1026 2609 1266 2667 scriptores
1295 2623 1472 2670 ponunt

0 2669 64 2723 (v.
83 2666 241 2721 Lem),
270 2680 380 2723 quae
401 2680 455 2707 ne
474 2665 767 2707 Demostheni
789 2665 964 2721 quidem
992 2671 1070 2708 aut
1090 2666 1279 2710 Isocrati
1307 2669 1470 2728 displi-

0 2724 117 2776 cuit3
149 2739 189 2767 V.
209 2723 251 2764 Τ
256 2723 408 2765 homae
439 2723 705 2779 interpretes
737 2725 783 2763 et
807 2722 954 2764 Wetst.
987 2722 1042 2763 ad
1066 2724 1108 2767 h.
1128 2724 1177 2768 l..
1238 2725 1468 2783 Vulgatus

0 2781 62 2823 al.
90 2782 152 2836 (v,
171 2780 411 2830 Sabatier.)
439 2782 638 2821 vertunt:
676 2777 773 2820 ideo
803 2793 857 2820 ex
886 2777 997 2828 fide,
1035 2785 1084 2823 ut
1108 2784 1335 2826 secundum
1360 2799 1465 2839 yra-

0 2836 109 2881 u‘am
135 2837 267 2892 firma
296 2836 353 2879 sit
376 2836 603 2893 promissio
632 2835 747 2879 omni
773 2835 924 2879 semim·
944 2862 1023 2885 —.
1078 2836 1302 2884 Nimirum
1332 2855 1463 2898 quum
