1752 3347
67 713 116 747 XX

55 1290 95 1320 XX

195 191 249 234 12
474 191 844 237 EPISTOLA
895 195 994 236 AD
1024 193 1386 238 ROMANOS

195 297 275 353 [sei.
304 296 378 342 Gla.
409 298 484 346 Fr.
513 299 774 353 Schmidae‘us]
804 299 874 341 vel
904 313 957 341 ex
989 313 1042 341 eo
1071 300 1237 353 elucet,
1293 298 1411 355 quod
1447 300 1666 343 messiane

192 353 364 398 christi
381 357 624 400 auctoritas
644 356 690 398 in
710 354 772 400 N.
791 354 851 400 T.
871 369 956 398 nou
987 356 1138 398 futuro
1165 359 1436 398 mortuorum
1463 357 1508 399 in
1533 357 1665 400 vitam

191 409 338 453 reditu
358 413 608 456 ostenditur
632 412 711 455 sed
739 427 789 454 eo
817 412 1055 466 evincitur,
1094 411 1212 469 quod
1236 411 1443 455 Christus
1469 420 1668 456 mortuus

191 468 371 513 revixit.
425 471 509 512 Est
529 471 666 526 igitur
696 467 744 519 ἐξ
769 464 1053 519 ἀναστάσεως
1082 470 1241 521 νεκρῶν
1268 468 1298 511 i.
1329 483 1374 526 q.
1403 467 1452 518 ἐξ
1472 467 1669 512 ἀναστά-

190 539 304 574 σεως
332 524 353 567 ἒ
363 542 387 566 κ
405 529 564 581 νεκρῶν
595 528 620 568 1
642 525 766 569 Petr.
790 527 829 578 1,
841 526 902 570 3..
959 525 1119 580 Syrus,
1153 524 1389 577 Luffierus,
1425 525 1667 582 Scleoettye-

188 581 309 634 nius,
336 581 565 635 Rosciam„
593 581 792 625 Schottns
811 583 869 627 al.
891 583 1128 640 proverbio
1161 581 1208 625 ἐκ
1239 580 1295 623 ad
1323 586 1498 648 tempus
1525 582 1669 624 relato

189 637 370 692 matth.
393 640 459 693 19,
473 641 563 695 12.]
583 639 697 681 hunc
714 639 748 682 l.
766 639 830 681 sic
849 646 1139 682 enarrarunt:
1169 639 1241 697 qni
1258 639 1345 681 Dee·
1361 638 1482 694 fiam
1509 639 1666 681 consti-

189 699 308 737 tutus
337 701 402 737 est
428 722 483 728 -
512 696 575 739 ab
604 697 790 740 reditu
822 712 896 739 ex.
930 696 1083 754 inseris
1114 697 1158 739 h.
1197 711 1236 739 e.
1268 696 1324 736 ab
1365 710 1417 738 co
1457 702 1668 753 tempore,

186 764 272 807 quo
301 752 479 798 revixit.
552 751 734 796 Scilicet
760 767 812 795 ea
838 755 1108 810 Apostolum
1142 753 1184 796 h.
1221 753 1254 796 l.
1292 752 1439 795 dicere
1477 767 1666 810 acquum

186 813 475 862 censuerunt,
502 824 613 867 quae
625 809 793 854 Christi
815 811 1004 853 reditum
1023 826 1075 852 ex
1099 809 1255 851 inseris
1273 816 1541 867 consequuta
1562 814 1667 851 sunt

185 878 386 964 quaeque
405 865 533 909 fidem
551 867 595 909 in
616 866 796 911 Christo
817 869 1059 926 repositam
1079 867 1255 922 egregie
1283 870 1573 910 corroborare
1599 866 1664 908 vi-

218 925 374 976 entur,
402 923 519 966 sacta
539 925 751 966 miracula
771 923 879 970 Luc.
898 925 970 978 2⁴,
985 927 1054 969 19.
1076 926 1184 967 Act.
1206 925 1272 977 13,
1285 925 1357 967 31.
1379 923 1551 968 Christi
1571 922 1665 964 ahi-

185 983 280 1020 tum
298 978 343 1020 in
363 981 531 1023 coelum
554 981 738 1040 ejusque
757 983 1140 1024 commorationem
1159 981 1289 1039 ¹apud
1313 981 1453 1023 Deum
1476 980 1604 1023 Rom.
1622 979 1666 1032 8,

184 1035 258 1080 34.
282 1037 306 1078 l
323 1034 449 1083 Petr.
467 1038 509 1090 3,
519 1038 592 1083 22.
615 1044 659 1080 ct
680 1038 1080 1096 suppeditationem
1100 1037 1190 1082 div.
1209 1037 1667 1096 spiritiisAct-.2,33..

185 1091 356 1136 Verum
373 1095 487 1136 enim
506 1109 610 1138 vero
633 1110 894 1152 quamquam
922 1096 993 1137 his
1021 1095 1155 1137 rebus
1182 1095 1214 1139 l.
1240 1096 1274 1139 l.
1302 1109 1460 1149 magna
1486 1095 1554 1137 vis
1583 1094 1665 1135 tri-

186 1149 362 1205 buitur,
392 1157 538 1193 tamen
564 1153 691 1194 unice
710 1167 812 1194 vera
836 1167 986 1195 eorum
1009 1155 1068 1206 [V.
1088 1166 1127 1196 c.
1145 1151 1310 1204 ΒΘΖ-(ιε,
1334 1150 1550 1199 Boehmie',
1578 1151 1664 1193 Be-

184 1207 343 1261 neclce'i,
372 1207 698 1264 Rueck-emal]
719 1215 788 1251 est
806 1209 1142 1267 interpretatio,
1174 1207 1250 1264 qui
1268 1210 1567 1250 transferunt:
1596 1207 1669 1263 qui

185 1269 249 1306 est
266 1264 354 1306 Dee·
367 1264 486 1319 filius
503 1266 758 1308 constitutus
776 1291 829 1297 -—
845 1281 945 1321 per
963 1265 1146 1308 reditum
1168 1269 1228 1320 (s.
1248 1263 1415 1317 reditu)
1435 1279 1493 1306 cnr·
1513 1263 1668 1321 inferis

182 1325 418 1379 propterea
432 1354 443 1375 ,
474 1320 591 1378 quod
610 1322 990 1364 consentientibus
1012 1321 1254 1380 Apostolis
1274 1321 1444 1366 Christi
1464 1322 1507 1363 in
1530 1335 1548 1363 x
1562 1321 1665 1362 itam

182 1376 355 1419 reditus
368 1379 664 1420 certissimum
688 1384 757 1420 est
774 1379 1037 1432 messianae,
1060 1394 1171 1436 quae
1191 1379 1230 1421 ci
1251 1379 1452 1434 contigit,
1473 1378 1665 1420 auctori-

182 1435 289 1477 tatis
316 1433 622 1477 documentum
649 1436 1041 1494 firmissimumque
1075 1435 1181 1479 fidei
1206 1435 1479 1478 christianae
1506 1434 1665 1477 sunda-

182 1496 399 1545 mentum,
430 1507 516 1549 quo
536 1507 749 1535 concusso
769 1508 880 1536 vana
900 1508 949 1535 ea
972 1494 1034 1535 sit
1055 1498 1187 1549 atque
1217 1493 1363 1534 inanis
1392 1495 1519 1547 [Act.
1543 1492 1665 1544 132.

180 1548 308 1600 2‚27.
326 1549 400 1593 31.
423 1550 491 1603 13,
502 1549 574 1594 35.
595 1564 665 1606 sq.
693 1551 762 1603 17,
775 1551 848 1595 31.
874 1550 1028 1603 26,23.
1057 1549 1186 1594 Rom.
1207 1553 1248 1601 (i,
1259 1552 1302 1594 9.
1336 1552 1357 1591 l
1381 1550 1473 1593 Cor.
1494 1549 1561 1602 15,
1572 1549 1664 1590 3—

179 1605 254 1650 20.
283 1607 309 1648 l
337 1604 461 1651 Petr.
486 1606 578 1659 l,3.
607 1606 770 1662 3,2l.].
827 1608 921 1659 At,
960 1607 1135 1663 inquis,
1176 1608 1290 1649 male
1318 1612 1421 1647 sunt
1450 1606 1666 1664 Apostoli

180 1662 447 1705 messianam
477 1662 586 1707 Jesu
622 1662 884 1719 dignitatem
914 1678 970 1706 ex
996 1666 1094 1720 ejus
1121 1664 1165 1705 in
1192 1664 1326 1706 vitam
1355 1662 1504 1704 reditu
1530 1677 1664 1717 argu-

182 1720 394 1773 mentati,
442 1734 575 1777 quum
607 1719 684 1762 ille
716 1735 806 1763 non⁴
835 1736 951 1763 unus
982 1714 1175 1762 omnium
1206 1720 1420 1763 revixerit
1451 1724 1666 1772 mortuus,

181 1775 260 1820 sed
280 1781 382 1819 ante
402 1791 500 1819 eum
522 1791 576 1819 ex
600 1777 758 1819 inferis
777 1778 832 1820 ad
853 1792 1041 1834 superos
1061 1777 1247 1820 redierit
1266 1778 1466 1820 Lazarus
1479 1776 1666 1829 Joh.11,

182 1833 259 1878 44.
290 1834 459 1890 aliique
485 1833 646 1878 Matth.
679 1836 802 1888 17,3.
828 1836 998 1889 2253..
1074 1834 1216 1890 Quem
1244 1835 1499 1893 scrupulum
1528 1838 1577 1876 ut
1607 1849 1662 1877 ex

183 1891 345 1933 animis
363 1892 632 1943 evellerent,
663 1891 901 1946 chrysost„
928 1892 1180 1947 Theophyl„
1208 1893 1356 1944 Bezer,
1388 1891 1583 1947 Koppe‘us
1601 1891 1664 1935 al.

181 1961 328 1990 veram
363 1963 463 1990 esse
492 1948 818 2006 Apostolorum
857 1949 1281 2003 argumentationem
1315 1948 1415 1990 inde
1448 1962 1664 2006 apparere

181 2005 500 2059 observarunt,
549 2004 668 2062 quod
708 2021 823 2048 uuus
855 2006 1064 2050 Christus
1091 2011 1172 2048 sm?
1205 2007 1245 2049 ri
1273 2006 1419 2049 dirim?
1449 2006 1663 2047 revixerit

181 2061 286 2108 Joh.
306 2062 465 2116 10,18,
499 2062 636 2104 ceteri
653 2062 710 2104 ab
740 2063 845 2105 aliis
871 2063 1056 2105 excitati
1083 2062 1138 2104 ad
1169 2078 1357 2121 superos
1383 2063 1662 2106 reverterint.

181 2118 382 2175 Quorum
401 2118 646 2177 disputatio
666 2120 782 2162 falsa
807 2125 893 2165 est.
952 2120 1069 2163 Nam
1090 2125 1133 2161 et
1164 2121 1332 2162 summzi
1360 2119 1608 2162 constantia
1635 2134 1663 2162 (ι

180 2178 276 2219 Deo
298 2191 397 2219 esse
418 2176 572 2221 Iesum
593 2177 636 2217 in
655 2178 789 2219 vitam
809 2183 1060 2220 revocatum
1082 2175 1143 2221 N.
1162 2177 1222 2222 T.
1243 2178 1483 2232 scriptores
1504 2175 1663 2218 docent

183 2234 310 2288 [Act.
332 2234 457 2287 2‚32.
484 2234 526 2283 3,
543 2234 610 2277 15.
641 2234 713 2278 26.
741 2235 867 2284 4,10.
898 2235 1021 2285 5‚30.
1051 2234 1203 2283 10,4o.
1237 2235 1386 2283 1330.
1410 2234 1482 2277 33.
1511 2235 1663 2286 17,31.

183 2291 312 2335 Rom.
332 2291 376 2344 8,
392 2292 461 2335 ll.
484 2291 509 2332 1
531 2290 633 2334 Cor.
656 2291 804 2342 15‚15.
832 2293 859 2332 2
883 2292 986 2336 Cor.
1013 2291 1057 2344 4,
1071 2291 1139 2334 14.
1168 2291 1266 2334 Col.
1295 2292 1336 2339 2,
1352 2291 1418 2334 12.
1451 2293 1474 2333 l
1495 2290 1661 2334 Thess.

186 2348 310 2400 l,10.
334 2349 358 2390 l
382 2347 503 2392 Petr.
527 2348 669 2401 1,21.]
702 2361 842 2404 neque
871 2348 973 2392 Joh.
998 2350 1065 2400 10,
1081 2348 1149 2391 18.
1183 2347 1300 2403 [vide
1328 2349 1387 2390 ihi
1413 2348 1661 2403 Iacet-Itium]

184 2404 264 2446 hoc
284 2405 417 2449 Iesus
437 2404 567 2454 dicit,
597 2405 717 2453 fore,
756 2412 803 2447 ut
824 2410 903 2447 sm?
925 2406 1028 2448 scri
1059 2411 1276 2447 mortuum
1306 2405 1348 2447 in
1377 2406 1508 2446 vitam
1535 2419 1661 2446 revo-

184 2464 270 2504 cet.
337 2460 486 2504 Minus
521 2462 653 2503 etiam
683 2461 926 2511 leluecio,
966 2477 989 2503 a
1020 2462 1256 2505 Rucclwrto
1286 2462 1392 2503 bene
1423 2463 1661 2513 confutato,

184 2531 319 2575 opera
349 2519 592 2575 processit,
642 2518 716 2575 qui
750 2517 934 2561 Paulum
965 2526 1236 2577 purgaturus
1265 2517 1546 2568 ἀναστάσεως
1567 2532 1660 2561 voc.

183 2573 304 2632 apud
324 2589 419 2616 cum
442 2580 577 2618 totum
598 2576 704 2618 illud
720 2582 907 2632 tempus,
934 2591 1011 2632 quo
1033 2576 1225 2619 Christus
1244 2581 1359 2630 post
1384 2591 1510 2617 suum
1533 2577 1573 2617 in
1595 2574 1660 2616 vi-

189 2636 280 2673 tam
303 2632 484 2673 reditum
511 2631 815 2688 majestate
834 2633 1037 2688 (yloriam
1055 2640 1208 2675 vocant
1231 2633 1473 2688 Theologi)
1497 2632 1661 2687 compi·

185 2702 288 2730 οιιιιε
310 2686 444 2744 fuerit
466 2688 718 2739 significare
747 2696 1016 2732 commentus
1043 2696 1127 2734 cst.
1187 2690 1281 2732 ‚lmo
1313 2691 1416 2731 haec
1447 2695 1512 2730 cst
1534 2691 1660 2753 Apo-

187 2745 402 2786 stolorum
422 2745 664 2794 sententia,
693 2747 844 2791 Jesum
866 2763 965 2787 esse
986 2747 1193 2789 Messian·
1215 2747 1461 2790 certissime
1488 2760 1538 2785 ex·
1563 2761 1659 2802 ejus

189 2803 233 2844 iu
252 2800 385 2844 vitam
406 2800 551 2843 reditu
571 2804 777 2854 cognosci
801 2819 883 2845 nou
905 2811 993 2847 tam
1016 2812 1245 2861 propterea
1261 2837 1272 2850 ,
1305 2802 1418 2859 quod
1445 2818 1496 2842 eo
1527 2802 1567 2843 iu
1598 2803 1659 2844 vi-

190 2863 280 2903 tam
299 2857 545 2902 revocando
565 2857 690 2901 Deus
714 2876 836 2904 suam
861 2861 945 2903 vim
974 2863 1334 2920 majestatemque
1358 2860 1661 2902 manifestave-
