1752 3347
521 183 678 245 cssxr.
711 197 749 244 1.
782 199 873 244 Vs.
906 198 999 245 18..
1433 196 1490 238 ⁵3

31 309 115 360 iis,
144 307 296 362 impios
316 310 357 349 et
380 307 589 361 improbos
611 307 797 349 homines
824 305 1022 361 corripit,
1058 306 1130 362 qui
1159 301 1268 361 qnod
1290 303 1336 344 in
1362 302 1488 345 rebus

29 364 114 408 div.
137 377 281 407 verum
300 368 363 406 est
384 377 464 418 per
491 364 803 418 improbitatem
831 363 1090 417 impediunt,
1123 360 1341 418 quominus
1368 359 1484 400 caus-i-

29 423 117 462 stut
138 421 350 476 vitamque
365 426 487 474 reyat
507 423 568 477 (v.
594 421 701 474 18.).
757 418 879 461 Haec
899 419 1114 461 sententia
1137 428 1394 474 quamquam
1414 429 1485 470 ye-

26 477 192 519 neu-alis
214 483 285 518 est
311 476 455 532 iisque
486 492 526 521 v.
557 481 787 533 concepta,
824 481 872 517 nt
899 480 944 517 et
971 475 1193 532 improbos
1220 471 1414 517 Iudaeos
1442 474 1487 513 ct

28 533 300 574 facinorosos
313 533 500 587 gentiles
520 547 658 598 aeque
678 533 1005 589 complectatur,
1024 537 1167 574 tamen
1180 529 1333 581 Paulo,
1354 542 1484 585 quun:

29 604 125 631 eam
141 589 287 632 literis
308 587 559 641 mandaret,
589 589 715 645 nnpii
744 589 930 642 gentiles
991 589 1234 631 otissimum
1266 583 1486 628 obversati

28 650 132 688 sunt
149 648 210 701 (v.
234 647 302 687 19.
321 645 428 700 sq.).
485 643 599 686 Nam
621 657 752 700 quum
772 644 928 701 impios
951 603 1168 698 fudaeos,
1199 643 1402 701 quoniam
1421 640 1487 682 di-

28 703 142 745 vinis
160 705 308 743 essent
324 700 438 754 legis
459 715 568 743 mos.
587 700 836 757 praeceptis
852 700 1031 753 imbuti,
1062 716 1084 742 a
1104 702 1202 743 Deo
1215 701 1315 761 jure
1340 697 1489 755 puniri

28 758 172 815 quivis
191 757 309 798 ultro
329 756 608 809 concederet,
646 755 699 798 de
718 770 767 797 eo
789 755 980 798 dubitari
1008 762 1203 813 poterat,
1243 772 1297 797 an
1327 756 1380 798 de
1407 755 1487 796 im-

26 813 179 872 probis
197 813 409 871 paganis,
449 828 581 870 quum
601 826 686 854 non
707 812 896 854 fuissent
919 811 1132 855 divinitus
1160 813 1323 865 edocti,
1362 811 1487 854 Deus

24 885 192 969 poenas
210 875 327 912 recte
350 874 543 926 caperet.
597 868 727 911 Unde
751 867 800 912 Ρ.
820 882 994 926 operam
1016 883 1139 911 suam
1161 870 1346 926 primum
1368 869 1412 909 in
1436 883 1487 910 eo

45 932 156 980 ucat,
174 931 223 969 ut
242 928 456 969 scelestos
476 926 664 983 gentiles
683 925 853 968 divinas
863 940 1027 983 poenas
1038 926 1331 967 commeruisse
1341 930 1488 966 osten-

26 983 103 1027 dat
122 987 208 1040 (VS.
238 983 480 1040 19-32.)‚
511 982 667 1025 deinde
687 986 853 1036 autem,
880 983 1072 1024 hocloco
1096 982 1314 1039 perlecto,
1343 981 1488 1023 Deum

27 1040 83 1083 ab
102 1040 288 1086 Judaeis
307 1041 365 1082 im
400 1040 602 1082 robitatis
623 1054 788 1097 poenas
808 1043 958 1097 petere
977 1044 1122 1081 monet
1139 1039 1181 1091 2,
1195 1040 1232 1081 1.
1253 1053 1337 1094 sq..
1380 1036 1486 1094 ὀργὴ

26 1100 160 1154 θεοῦ]
191 1097 337 1152 Quum
353 1055 499 1140 sseum
518 1097 718 1139 homines
739 1111 791 1138 ex
810 1111 857 1138 se
878 1096 1024 1138 metiri
1043 1096 1213 1137 soleant
1233 1110 1281 1136 ac
1303 1093 1487 1151 quodam

27 1153 156 1197 modo
175 1153 362 1196 debeant
380 1156 481 1211 (qui
511 1154 625 1195 enim
652 1153 705 1195 de
724 1153 823 1195 Deo
848 1153 1046 1205 cogitans
1071 1150 1149 1208 τὴν
1175 1148 1490 1208 ἀνθρωποπά-

26 1214 161 1253 &aar
177 1211 306 1268 plane
322 1210 377 1252 ab
403 1225 453 1254 eo
480 1205 762 1270 sejungas2),
801 1210 846 1251 in
873 1209 1003 1251 libris
1033 1225 1070 1253 s.
1100 1214 1192 1250 tum
1222 1208 1357 1259 iram,
1394 1211 1486 1249 tum

26 1282 216 1311 amorem
235 1267 404 1310 niunini
422 1266 509 1311 div.
528 1267 667 1308 tribui
684 1281 768 1308 non
788 1271 856 1308 est
876 1265 990 1322 quod
1016 1266 1241 1308 miremur.
1297 1263 1394 1306 Hoc
1426 1263 1490 1305 sic

26 1325 105 1378 fit,
140 1328 189 1366 ut
215 1324 283 1367 ira
303 1324 390 1366 Dei
408 1338 489 1382 pro
518 1338 567 1366 re
596 1329 980 1374 commemoretur,
1015 1337 1127 1379 quae
1157 1321 1303 1364 Deum
1331 1319 1387 1362 ad
1409 1333 1488 1375 pro-

25 1381 202 1424 niendos
240 1380 437 1423 homines
473 1380 675 1438 impellat
703 1378 800 1434 [Ps.
830 1379 926 1432 2,5.
956 1379 1091 1422 Mich.
1116 1380 1211 1431 7‚9.
1237 1377 1367 1421 Rom.
1392 1378 1434 1429 2,
1446 1376 1489 1421 5.

28 1438 142 1491 al.]‚
191 1437 278 1480 Dei
314 1451 436 1480 amor
469 1451 549 1494 pro
591 1451 639 1479 re
675 1439 884 1492 ponatur,
940 1450 1050 1492 quae
1088 1435 1233 1477 Deum
1270 1432 1327 1476 ad
1362 1433 1488 1475 bean-

26 1495 102 1537 dos
136 1493 335 1536 homines
370 1493 636 1550 permoverit
671 1491 791 1546 [Joh.
820 1493 943 1544 3,16.
970 1492 1098 1535 Rom.
1117 1491 1158 1543 8,
1170 1492 1279 1544 39.].
1347 1488 1488 1546 Quip-

25 1564 84 1608 pe
112 1551 258 1592 solent
284 1550 482 1591 homines
512 1553 556 1590 et
592 1563 739 1590 amore
776 1547 951 1603 adducti
988 1549 1044 1591 iis
1084 1548 1339 1605 prospicere
1380 1560 1489 1602 quos

26 1611 175 1652 amant
193 1610 237 1648 et
256 1604 354 1649 odio
373 1605 581 1648 concitati
600 1605 714 1646 male
733 1604 779 1646 in
808 1619 881 1647 eos
907 1605 1135 1646 consulere
1167 1618 1276 1660 quos
1304 1602 1492 1645 oderunt

25 1663 293 1720 difficileque
311 1668 382 1706 est
403 1663 461 1706 iis
483 1663 554 1706 vel
571 1662 720 1721 justas
745 1659 799 1703 de
824 1661 973 1718 aliquo
1000 1675 1162 1718 poenas
1196 1674 1366 1701 sumere
1397 1660 1491 1701 sine

25 1719 345 1775 indignatione.
404 1718 506 1775 Qua
533 1734 583 1762 re
607 1719 653 1760 in
679 1717 828 1760 Deum
855 1717 1073 1760 translata
1100 1718 1146 1759 in
1175 1716 1305 1758 libris
1335 1731 1372 1760 s·
1403 1717 1492 1758 Dea·

28 1791 151 1820 amor
177 1775 484 1834 felicitatis
511 1777 747 1828 humanae,
775 1775 845 1818 ira
873 1773 1245 1818 Delmiseriae
1274 1773 1489 1815 humanae

27 1847 356 1892 poenarumque
374 1832 472 1890 fons
487 1837 581 1886 θείς
606 1831 722 1874 unde
739 1837 910 1874 veteres
926 1832 1191 1888 interpretes
1213 1826 1343 1886 ὀργὴν
1360 1829 1488 1879 θεοῦ,

28 1891 244 1934 formulae
261 1904 428 1932 sensum
445 1895 666 1946 uteunque
688 1887 938 1942 reddentes,
966 1888 1054 1932 Dee·
1061 1901 1239 1943 poenam
1252 1886 1489 1952 explicant?

27 1953 80 1991 ut
100 1947 145 1992 h.
169 1948 202 1991 1.
236 1946 508 1991 Theodoret.:
546 1943 679 2002 ὀργὴν
707 1945 819 1987 θεοῦ
843 1944 938 2001 τὴν
963 1942 1243 1999 τιμωρίαν
1280 1944 1404 1984 καλεῖ
1443 1945 1486 1996 [o

27 2004 230 2060 Παῦλος]
269 2029 338 2047 -.
406 2001 475 2046 Cf.
504 2003 669 2046 δηίων.
709 2001 849 2047 Thes.
886 2002 995 2045 eccl.
1024 1999 1217 2053 II‚505..
1283 1998 1372 2054 Qui
1401 1999 1489 2041 Det·

27 2062 141 2105 iram
161 2060 241 2102 hoc
260 2058 382 2102 cerni
407 2065 587 2116 putant,
627 2058 744 2116 quod
760 2058 886 2101 Deus
913 2059 1133 2100 hominum
1164 2056 1488 2113 improbitatem

30 2116 194 2159 sanctis
213 2118 308 2160 suis
331 2117 507 2172 legibus
534 2117 791 2158 renitentem
818 2121 862 2157 et
886 2115 983 2173 ipse
1011 2113 1286 2156 abominetur
1312 2111 1487 2169 poenis-

31 2188 116 2230 que
137 2174 232 2217 sine
248 2174 342 2216 ullo
364 2173 498 2216 animi
515 2176 635 2215 motu
653 2173 818 2215 afficiat
839 2172 914 2229 [cf.
935 2171 1148 2224 Tholucc.]
1172 2170 1228 2211 iis
1251 2170 1289 2211 si
1310 2183 1400 2211 rem
1431 2166 1488 2209 ad

30 2243 178 2273 veram
201 2231 416 2273 rationem
440 2244 644 2273 revocare
671 2230 927 2282 voluerunt,
963 2228 1093 2270 facile
1120 2226 1363 2277 assentior,
1401 2238 1486 2265 non

32 2286 275 2340 assentior,
302 2287 343 2328 si
365 2287 420 2328 τὰ
449 2287 578 2342 πάθη
609 2288 687 2341 τῆς
711 2281 885 2341 ἀγάπης
912 2287 988 2327 καί
1013 2285 1091 2340 τῆς
1118 2281 1248 2338 ὀργῆς
1277 2283 1320 2324 in
1342 2281 1485 2323 Deum

30 2342 172 2386 libros
193 2357 230 2386 s.
249 2344 445 2385 conferre
464 2348 703 2398 negarunt,
731 2347 780 2383 ut
798 2341 1030 2384 Beneckius
1051 2339 1107 2382 ad
1134 2340 1177 2382 h.
1205 2340 1253 2381 l..
1310 2339 1487 2378 ἀποκα-

31 2400 264 2454 λύπτεται]
293 2398 382 2441 Ηῑο
402 2401 490 2442 tria
508 2399 697 2442 maxime
715 2397 926 2442 tenenda:
951 2411 1097 2449 unum,
1126 2395 1327 2448 Paulum,
1354 2407 1484 2451 quum

32 2452 248 2514 φανερὰ
277 2455 358 2510 γὰρ
387 2454 600 2510 γίνεται
632 2458 684 2510 [l
713 2455 814 2499 Cor.
840 2454 989 2508 3‚l3.]
1022 2451 1127 2508 ὀργὴ
1166 2453 1279 2493 θεοῦ
1313 2449 1389 2493 ἐπὶ
1417 2475 1485 2494 -.

31 2511 226 2555 seribere
246 2511 488 2569 potuisset,
513 2512 700 2555 invitatu
719 2527 760 2555 v.
782 2526 848 2554 vs,
874 2513 938 2553 17.
963 2510 1043 2551 δικ.
1069 2525 1105 2564 y.
1134 2510 1182 2549 θ.
1213 2506 1247 2550 ἒ.
1278 2524 1318 2549 α.
1347 2503 1488 2548 ἄπο-

33 2565 390 2612 καλύπτεται
412 2565 459 2609 ἐκ
481 2581 528 2609 π.
551 2585 587 2610 κ.
608 2583 645 2609 τ.
667 2569 729 2617 λ.,
757 2583 798 2611 V.
823 2569 891 2611 18.
913 2561 1387 2609 ἀποκαλύπτεται
1405 2562 1521 2619 γὰρ’

33 2623 140 2682 ὀργή
172 2628 286 2667 θεοῦ
319 2641 357 2665 κ.
380 2639 416 2665 τ.
440 2623 478 2665 λ.
510 2623 652 2666 dicere
678 2624 907 2666 maluisse:
936 2624 1145 2674 alterum,
1174 2616 1490 2663 ἀποκαλύπτε-

33 2697 109 2725 ται
126 2682 215 2724 alio
233 2695 364 2724 sensu
397 2695 438 2722 v.
462 2681 555 2732 1⁷.‚
595 2680 681 2721 alio
712 2695 753 2722 v.
774 2680 841 2722 18.
860 2679 1048 2736 positum
1077 2692 1174 2719 esse
1205 2680 1319 2731 [nam
1348 2692 1388 2720 v,
1420 2677 1487 2719 17.

34 2738 148 2781 illud
166 2742 310 2790 notat,
342 2735 458 2802 quod
476 2735 695 2791 Theologi
713 2750 814 2777 voce
834 2735 1066 2786 revelatur,
1095 2741 1135 2779 εεέ
1157 2736 1253 2780 miri)
1271 2747 1319 2790 gc
1332 2748 1351 2778 ο
1366 2736 1437 2786 ffc
1449 2748 1490 2777 n:

37 2797 203 2849 buvet„
241 2798 493 2852 exprimunt
515 2799 558 2835 et
577 2792 630 2834 de
660 2806 708 2833 re
735 2789 918 2843 dicitur,
961 2804 1089 2847 quam
1118 2790 1241 2833 Deus
1271 2790 1394 2846 prius
1426 2789 1491 2830 inr-

37 2851 254 2907 eognitam
273 2865 353 2895 suo
375 2849 560 2909 quodam
591 2863 733 2906 eoque.
757 2847 1106 2892 extraordinario
1134 2848 1338 2891 instituto
1371 2860 1493 2904 praee
