1752 3347
495 148 587 192 CA
605 148 653 193 r.
689 147 773 193 vi.
818 147 910 192 vs.
944 149 1028 193 13..
1277 211 1280 213 μ
1398 153 1484 196 403

122 255 183 301 V.
205 255 275 300 13.
311 253 553 313 Superiore
572 270 636 300 γε.
658 258 774 312 Ap„
805 269 857 296 ne
880 253 1111 299 Peccatum
1131 256 1177 298 in
1197 270 1381 314 corpore
1403 258 1482 300 im-

6 325 163 369 perare
192 312 413 365 sinerent,
463 327 537 370 np.
567 328 697 370 quum
727 311 1045 369 cupiditatibus
1069 328 1252 371 corpore
1275 314 1482 357 excitatis

6 368 297 422 ducerentur,
330 370 520 412 lectores
550 375 801 418 monueratg
850 368 1010 425 quibus
1039 385 1151 412 nunc
1189 372 1323 426 (μηδὲ
1349 398 1405 404 —
1432 375 1487 430 τῇ

0 420 239 483 Ἀμαρτίᾳ)
263 426 343 467 hoc
371 425 516 469 addit:
556 441 609 468 ne
628 427 827 482 corporis
848 426 1052 467 membris
1074 442 1152 482 pro
1173 428 1394 483 nequitiae
1413 428 1483 469 in-

3 483 262 524 strumentis
293 482 548 525 abutantur.
623 479 925 537 ΙῙαριστάνειν
948 481 1036 523 τινί
1060 498 1103 524 τι
1128 483 1238 524 nihil
1258 489 1348 536 est,
1391 485 1480 526 nisi

1 538 188 591 sistere,
217 537 417 581 exhihere
435 538 567 580 alicui
586 537 751 593 aliquid
771 539 877 582 Act.
900 540 991 590 1‚3.
1024 538 1135 595 Eph.
1156 539 1198 591 5,
1217 540 1289 583 27.
1322 539 1416 583 Col.
1441 542 1481 594 l,

0 594 72 639 22.
91 596 150 639 al.
168 596 230 650 *).
274 589 343 635 To?
357 592 468 649 μέλη
488 590 608 646 ὑμῶν
630 599 752 636 certeis
774 599 935 637 vestros
954 595 983 638 i.
1007 609 1046 638 e.
1068 596 1277 649 membra,
1306 611 1360 638 ex
1382 598 1480 653 qui-

0 650 82 693 bus
105 664 290 710 corpora
306 653 456 692 vestra
479 654 683 692 constant
694 651 766 749 ἑΊ,
787 650 897 705 23.).
937 651 1100 694 Contra
1123 668 1247 695 usum
1269 653 1482 710 loquendi

0 712 44 750 et
72 714 237 751 temere
265 705 360 748 nixi
388 707 484 749 loco
514 705 611 751 Col.
631 707 672 759 3,
726 739 736 751 .
769 708 980 764 permulti
1010 709 1180 751 (enimi
1209 711 1481 766 corporisque

0 765 146 808 vires
174 765 527 821 interpretantur
549 765 769 820 fflrasm„
800 764 983 816 fleam„
1013 764 1182 820 Kopp„
1215 767 1480 821 Reicle.al.).

0 821 274 878 Quamquam
294 820 431 878 probe
451 821 566 874 scio,
638 836 737 863 uam
757 825 936 863 strenue
955 819 1008 864 P.
1038 826 1082 863 et
1104 822 1199 879 ipse
1219 823 1479 866 militaverit

0 877 48 934 (2
59 876 163 922 Cor.
177 880 246 931 10,
258 878 326 932 4.)
346 881 390 920 et
410 892 490 920 nos
510 893 561 923 su
660 879 700 921 ei
711 882 756 920 et
767 876 936 921 Christi
956 878 1098 933 signis
1118 879 1310 922 militare
1330 881 1479 923 volue-

0 934 61 977 rit
78 935 215 993 (Eph.
232 936 275 988 6,
299 936 368 979 ll.
390 949 457 992 sq.
490 936 515 977 l
536 934 702 980 Thess.
721 936 763 988 5,
782 935 868 990 8.),
907 935 1055 993 inepte
1086 940 1232 979 tamen
1262 937 1332 979 hic
1357 937 1479 979 ὅπλα

28 1006 79 1034 ro
100 993 237 1035 armis
258 996 491 1034 sumuntur
511 991 808 1048 (Theodoret.‚
843 991 1095 1048 Tleeopleyl„
1127 993 1305 1048 Galvin„
1336 994 1480 1048 Remi,

44 1048 206 1104 mayel„
245 1048 395 1092 Reich.
424 1049 530 1105 aL),
566 1064 699 1106 neque
725 1048 923 1091 exhibete
952 1050 1145 1093 membra
1174 1056 1317 1093 vestra
1337 1065 1479 1104 arma,

0 1104 146 1172 quibus
162 1105 354 1161 nequitia
371 1105 656 1163 defendatur,
687 1107 884 1149 Peccata.
957 1104 1109 1148 Primo
1136 1108 1253 1149 enim
1283 1107 1479 1149 membra

0 1161 171 1204 inficete
189 1161 234 1205 h.
253 1162 287 1206 l.
314 1176 435 1204 arma
461 1169 737 1206 vocarentur.
805 1161 938 1218 Quod
967 1169 1271 1217 argumentum
1297 1164 1478 1207 miste-

0 1218 58 1261 m'i
87 1217 200 1260 locis
228 1219 406 1261 minime
434 1219 666 1264 evertitur.
732 1218 824 1263 Cic.
848 1219 986 1264 Tusc.
1010 1218 1085 1274 ΙΙ,
1111 1223 1188 1274 16,
1220 1222 1292 1266 37.
1358 1219 1477 1263 Nam

0 1278 161 1318 scutum
175 1307 188 1328 ,
220 1274 416 1331 gladium
430 1308 442 1328 ,
471 1277 642 1332 galeam
656 1309 668 1330 ,
697 1275 742 1318 in
765 1291 897 1319 onere
920 1277 1062 1320 nostri
1085 1278 1251 1321 milites
1270 1292 1356 1320 non
1375 1279 1478 1335 plus

0 1336 249 1386 numerant,
285 1347 414 1389 quam
434 1332 666 1387 humeros,
699 1334 915 1387 lacertos,
956 1349 1127 1378 manus.
1195 1336 1338 1378 Arma
1362 1335 1477 1377 enim

1 1388 185 1431 membra
207 1389 374 1431 milites
395 1404 494 1433 esse
513 1389 681 1435 dicunt.
740 1388 865 1445 Quae
890 1390 1064 1447 quidem
1089 1392 1149 1432 ita
1172 1396 1333 1447 gerunt
1358 1395 1476 1449 apte,

2 1451 67 1499 ut,
104 1445 146 1488 si
175 1461 285 1488 usus
307 1447 448 1500 ferat,
485 1446 671 1506 abjectis
703 1446 938 1500 oneribus,
975 1447 1198 1503 expeditis
1231 1449 1389 1501 armis,
1427 1453 1478 1490 ut

3 1503 231 1557 membris,
261 1518 460 1561 pugnare
483 1504 674 1561 possint.
733 1504 818 1548 Sil.
842 1502 991 1546 Italici
1012 1504 1170 1550 Punic.
1194 1506 1261 1558 12,
1282 1506 1477 1550 1223.—

0 1573 39 1602 ιο
58 1574 112 1602 ne
134 1564 261 1602 nocte
282 1560 458 1617 quidem
479 1561 666 1618 clipeive
685 1575 867 1604 ensesve
886 1562 1072 1618 reposti,
1098 1564 1104 1618 Ι
1132 1576 1217 1604 non
1240 1563 1477 1620 pharetrae

0 1611 68 1669 {tut
82 1617 259 1675 jacula,
295 1621 340 1659 et
367 1631 448 1673 pro
477 1618 680 1661 membris
701 1632 828 1661 arma
846 1616 995 1675 fecere:
1026 1618 1146 1674 Lege
1165 1633 1205 1663 v.
1228 1634 1329 1676 sqq.
1388 1618 1475 1661 Ni-

0 1673 148 1726 }nirum
184 1673 343 1716 docent
386 1673 493 1716 haec
521 1675 581 1728 L,
628 1673 747 1730 quod
776 1688 902 1716 nemo
934 1679 1053 1717 recte
1086 1676 1300 1728 miretur,
1353 1689 1477 1718 arma

0 1729 183 1774 {nembra
211 1730 401 1772 militum
429 1736 681 1787 nuncupata
709 1745 834 1782 esse,
871 1733 921 1771 ut
947 1744 1066 1772 arma
1096 1736 1186 1773 tam
1209 1733 1476 1787 necessaria,

3 1799 77 1838 jam
107 1801 196 1830 non
217 1788 431 1839 molesta,
468 1790 556 1828 tam
584 1790 778 1828 tractatu
801 1786 952 1827 facilia
978 1787 1197 1829 militibus
1227 1789 1369 1831 videri
1397 1788 1474 1831 de-

9 1857 116 1897 ·ere,
149 1857 280 1908 quam
294 1842 530 1885 videantur
549 1843 743 1883 membra
768 1841 1056 1886 indicaretur.
1115 1844 1185 1886 At
1205 1844 1248 1887 h.
1266 1846 1299 1889 l.
1319 1844 1373 1887 de
1392 1847 1474 1888 mi-

6 1897 91 1942 itia
110 1913 184 1954 agl
203 1899 328 1941 nulla
346 1912 431 1940 vox
456 1896 620 1939 indicio
638 1902 721 1940 est.
781 1896 1024 1954 Perspicua
1047 1899 1207 1942 fuisset
1228 1915 1300 1944 res
1314 1934 1326 1954 ,
1358 1902 1398 1944 si
1417 1901 1473 1946 P.

10 1956 201 1999 fixisset:
257 1954 371 2011 μηδὲ
408 1951 706 2011 παριστάνετε
737 1951 793 1995 τοὶ
827 1953 939 2010 μέλη
975 1949 1097 2006 ὑμῶν
1132 1954 1377 2015 ὁπλοφόροι
1417 1959 1472 2017 τῆ

12 2010 198 2069 ίμαρτίᾳ
218 2026 257 2055 s.
277 2010 393 2066 μηδὲ
411 2006 705 2066 παριστάνετε
727 2005 911 2060 ἑαυτοὺς
929 2006 1220 2069 ὁπλοφόρους
1236 2004 1473 2072 τῇεΛμαρι..

13 2067 74 2127 ίᾳ.
140 2066 318 2111 Deinde
338 2066 674 2109 translationem
702 2081 726 2108 a
748 2065 924 2109 domino
948 2067 1131 2124 petitam
1161 2073 1221 2125 (V.
1245 2072 1313 2114 12.
1333 2073 1470 2124 βασι-

15 2124 152 2181 εύειν)
171 2125 424 2183 postulare,
462 2126 512 2165 ut
541 2120 661 2165 ὅπλα
680 2138 807 2166 arma
826 2124 1101 2181 explicentur
1127 2129 1189 2182 (v.
1216 2128 1466 2172 Theodoret.

10 2185 34 2231 1t
49 2180 222 2238 Reice.)
243 2182 356 2224 male
378 2179 632 2226 contendas.
698 2179 814 2222 Nam
834 2185 925 2223 tum
952 2196 1125 2238 quoque
1148 2199 1256 2226 suus
1280 2183 1468 2228 Peccato

18 2238 239 2282 ominatus
262 2239 414 2281 salvus
442 2242 611 2289 manet,
650 2251 782 2294 quum
811 2234 932 2279 ὅπλα
954 2239 1243 2283 instrumenta
1262 2242 1469 2298 explana-

16 2293 143 2339 eris?
188 2294 396 2352 Denique
426 2293 482 2336 ad
502 2308 545 2338 v.
567 2293 639 2338 23.
659 2300 822 2337 temere
850 2309 1061 2350 provoces
1085 2298 1149 2352 (v.
1168 2297 1367 2354 Benyel.)
1395 2300 1469 2341 vel

17 2357 246 2410 ropterea,
293 2350 411 2409 quod
441 2364 592 2393 novam
622 2350 716 2408 Ap.
740 2365 781 2396 V.
803 2352 882 2395 15.
913 2351 1256 2410 disputationem
1277 2354 1466 2400 orditur.

13 2414 104 2470 sunt
122 2409 262 2465 igitur
281 2409 403 2452 ὅπλα
420 2408 707 2451 instrumenta
735 2410 798 2466 (v.
818 2408 915 2464 2:⁵22
938 2408 966 2453 J
969 2424 1032 2455 er.
1054 2410 1126 2464 50,
1144 2410 1215 2456 25.
1236 2415 1281 2453 et
1300 2410 1466 2454 Lexica

30 2586 71 2632 *)
107 2584 301 2619 Tholuccio
321 2597 354 2629 p.
376 2582 457 2618 223.
485 2580 723 2629 παριστάνειν
750 2584 823 2619 τινί
850 2597 885 2619 τι
911 2585 1124 2626 „ienmnbcm
1153 2588 1258 2622 emme
1284 2596 1322 2631 82¹
1351 2587 1465 2632 frefem

81 2631 252 2674 &ebraucb
281 2629 462 2675 „edema”
484 2629 611 2682 valet,
635 2631 732 2676 quod
763 2631 999 2684 mire'probat
1024 2643 1042 2663 e
1061 2630 1191 2684 ΡοΙγῙ).ἱ
1207 2633 1239 2671 3,
1259 2633 1315 2679 55,
1334 2634 1368 2668 6.
1392 2637 1463 2679 (!!)

78 2678 142 2713 καὶ
169 2676 260 2721 μετὰ
287 2678 405 2713 ταῦτα
443 2687 681 2722 παρασιησας
717 2676 762 2712 τὰ
790 2677 921 2721 naq-5¹27
956 2674 1020 2710 τὸν
1056 2689 1213 2720 κρημνον
1248 2678 1467 2724 ἐξωκοῦόμει

18 2731 19 2734 ’
77 2717 168 2770 μετὰ
193 2722 331 2766 πολλῆς
356 2721 617 2768 ταλαιπωρίας.
657 2730 690 2757 et
714 2729 835 2768 postea
863 2734 977 2768 quum
996 2721 1151 2757 militum
1176 2717 1318 2760 turbati]
1346 2739 1463 2772 appo-

80 2770 208 2848 suisselt
222 2768 351 2850 l§operi
371 2767 603 2811 admovisset)
632 2769 880 2815 praecipitium
901 2767 1069 2813 patefecit
1095 2769 1304 2816 (Hannibal)
1334 2785 1463 2816 magno

83 2828 166 2850 eum
202 2829 219 2849 a
248 2828 322 2849 ore.

901 2858 1028 2902 (302
