1752 3347
211 201 270 243 74
494 201 874 247 EPISTOLA
905 203 1006 246 AD
1041 203 1402 250 ROMANOS

209 304 434 359 βάζεσθαί
451 323 550 351 τινα
570 310 629 362 (s.
651 310 718 364 τι)
742 325 873 366 quum
902 310 1084 367 proprie
1110 314 1286 352 notaret
1315 309 1448 363 σε’-βας
1477 308 1684 368 ἡγεῖσθαί-

210 378 311 404 uva
325 366 386 420 (s.
407 366 471 418 τι)
487 366 620 408 talem
640 365 824 423 aliquem
854 367 965 421 (tale
994 366 1185 423 aliquid)
1210 368 1385 419 ducere,
1424 370 1498 422 qui
1522 367 1684 426 (quod)

211 419 290 462 tibi
310 422 506 463 colendus
523 420 798 479 (colendum)
814 423 894 476 sit,
925 425 1128 480 jemanben
1154 426 1324 478 (etwas)
1354 429 1414 469 αἰεὶ
1435 425 1682 481 Θεςεῐιῇαηὺ

210 480 278 521 bet
306 479 541 534 chebrung
572 481 811 533 betrawten'
861 481 1054 522 seriores
1085 481 1327 538 scriptores
1357 495 1437 538 pro
1465 481 1683 534 σέβεσθαί

207 548 306 575 τινα
329 550 366 577 S.
386 549 430 575 τι
453 535 637 592 aliquem
655 535 871 593 (aliquid)
890 538 962 591 pie
979 538 1175 580 venemcri
1191 538 1269 593 (cs.
1289 533 1493 590 εὐσέβεια
1511 553 1572 580 an
1590 539 1682 580 imi

204 590 369 644 pietas)
388 597 675 649 usurparunt.
737 593 855 635 Vide
876 593 954 636 Ste
989 595 1032 638 h.
1055 594 1195 638 Thes.
1215 594 1283 638 ed.
1304 593 1446 638 Lond.
1476 609 1519 652 p.
1538 594 1685 646 8280„

206 646 283 706 ubi
312 661 335 688 e
363 645 593 691 Gennadio
624 649 810 692 affertur
836 648 861 707 ἡ
890 646 943 693 ἷέ).
961 668 1000 707 ,η
1032 652 1156 693 πᾶσα
1188 650 1420 707 οἰκουμένη
1451 648 1682 703 ἐσεβάζετο

205 717 261 743 τα
290 700 508 764 κτίσματα
534 707 615 748 τοῦ
642 709 756 749 θεοῦ
784 712 827 750 et
854 709 1077 752 Sclaeleusn.
1107 708 1218 752 Lex.
1245 707 1429 761 Il‚858‚
1469 708 1544 765 qui
1575 708 1684 749 citat

204 759 299 815 Aq.
332 759 447 805 Hos.
479 762 598 817 lo,5.
629 761 953 821 ἐσεβάσθησαν.
1011 765 1289 822 (Hesychius
1319 781 1452 822 quum
1480 769 1682 807 nostrum

203 812 520 873 ἐσεβάσθησαν
537 827 778 877 exponeret
806 818 1056 874 σεβόσμασι
1085 819 1414 878 προςεκῦνησαν
1443 837 1525 864 non
1555 836 1682 863 accu-

202 879 301 938 rate
320 874 448 929 fecit,
478 875 556 918 sed
574 878 697 919 verbi
718 878 761 920 in
781 879 877 920 loco
891 911 902 931 ‚
938 878 1010 920 ubi
1031 881 1082 921 de
1100 880 1338 922 idololatris
1367 880 1438 933 agi
1468 883 1684 926 cerneret,

202 930 341 987 posui
377 946 558 976 sensum
595 939 805 992 utcunque
839 934 1071 991 reddidit.)
1143 936 1255 978 Esse
1282 941 1425 978 autem
1454 933 1684 989 λατρεύειν

201 987 369 1044 passim
400 1003 557 1032 numen
585 992 906 1050 sacrificiis
933 993 1130 1036 venerari
1157 993 1321 1048 (Hebr.
1345 995 1438 1047 9,st
1469 993 1526 1036 cf.
1556 991 1681 1035 hebr.

201 1058 278 1101 Ἶρις
294 1043 438 1090 Exod.
460 1047 636 1102 1026.)
655 1063 781 1091 nemo
802 1051 993 1104 ignorat.
1051 1047 1124 1092 Ita
1146 1064 1187 1093 v.
1218 1046 1491 1102 σεβάζεσθαι
1523 1054 1565 1092 et
1596 1049 1677 1090 λα·

200 1101 374 1156 ‘coedent
387 1101 541 1161 juncta
563 1105 703 1148 cultus
719 1107 852 1148 divini
870 1106 1090 1148 notionem
1111 1106 1358 1157 absolvant,
1381 1111 1426 1147 ut
1450 1113 1553 1163 apta
1574 1106 1683 1147 haec

202 1161 420 1203 sententia
446 1166 677 1206 nascatur:
718 1164 858 1204 animo
875 1167 919 1204 et
949 1161 1178 1216 sacrificiis
1204 1177 1275 1205 res
1304 1167 1475 1204 creatas
1498 1162 1682 1217 yentiies

200 1219 394 1261 venerati
423 1223 539 1263 sunt.
604 1217 730 1275 παρὰ
757 1217 832 1260 τὸν
858 1215 1085 1270 κτίσαντα]
1130 1218 1394 1261 Gleemnite'us
1419 1217 1535 1275 apud
1571 1217 1680 1260 ”fol—

196 1268 327 1324 fium:
361 1280 590 1330 praeter
617 1277 877 1319 conditorem
905 1275 980 1330 [cf.
1011 1277 1035 1317 l
1066 1274 1170 1320 Cor.
1198 1275 1325 1329 3,ll.
1360 1280 1405 1318 et
1436 1275 1682 1319 Stullbmtm

199 1328 256 1371 ad
276 1327 398 1375 Plat.
418 1331 594 1376 Phileh.
614 1347 660 1389 p.
680 1332 790 1386 51.].
850 1330 994 1387 Quasi
1022 1347 1125 1375 vero
1154 1333 1345 1388 gentiles
1373 1332 1502 1375 simul
1527 1330 1680 1374 condi-

198 1390 365 1441 torem,
408 1389 538 1431 se‘mul
563 1403 636 1431 res
668 1388 867 1431 conditas
896 1389 1141 1443 coluerint,
1188 1390 1232 1431 in
1262 1388 1505 1432 conditoris
1536 1390 1679 1432 locum

197 1456 272 1485 res
299 1450 472 1487 creatas
501 1444 758 1489 suffecerint
786 1447 865 1502 (cf.
895 1459 937 1490 Υ.
966 1446 1039 1492 23.
1068 1452 1114 1490 et
1143 1446 1255 1501 25.).
1314 1446 1524 1499 Lumen,
1556 1447 1679 1490 Grot.

198 1501 415 1559 multique
434 1502 513 1544 alii
536 1516 671 1556 prae
698 1501 912 1546 conditore
930 1504 1007 1559 (cf.
1038 1503 1149 1548 Luc.
1172 1503 1294 1556 13‚2.
1322 1504 1366 1547 4.
1397 1502 1515 1547 Plat.
1535 1503 1678 1560 Apol.

199 1555 250 1602 S.
280 1573 324 1617 p.
353 1559 424 1603 28.
456 1558 507 1605 C.
531 1557 756 1612 Ἀχιλλεὺς
784 1558 998 1601 τοσοῦτον
1026 1561 1106 1602 τοῦ
1138 1556 1342 1601 κινδύνου
1374 1556 1679 1616 κατεφρόνησε

197 1614 350 1671 παρὰ
376 1614 428 1658 τὸ
449 1613 634 1672 αἰσχρόν
660 1631 704 1658 τι
729 1611 988 1668 ὑπομεῖναι,
1022 1613 1129 1666 (ὅςτε
1146 1617 1240 1671 -.)
1274 1617 1515 1674 explanant
1544 1616 1588 1659 h.
1617 1630 1678 1659 S.:

196 1673 391 1717 venerati
426 1677 529 1715 sunt
557 1697 614 1703 ——
637 1687 708 1715 res
737 1672 931 1715 conditas
964 1674 1174 1728 potius,
1252 1688 1365 1715 uam
1402 1674 1678 1716 conditorem.

195 1727 280 1771 Cui
298 1728 656 1786 interpretationi
678 1727 795 1786 quod
816 1728 957 1782 Beza,
987 1729 1169 1774 Boelzm.
1193 1744 1214 1771 a
1241 1762 1252 1773 .
1272 1729 1545 1789 objecerunt,
1572 1743 1678 1784 gen-

194 1784 340 1828 tilium
363 1787 573 1844 pietatem
595 1786 728 1829 rebus
750 1784 940 1827 conditis
959 1787 1125 1841 primas
1148 1792 1297 1844 partes
1313 1820 1324 1840 ‚
1364 1786 1583 1828 conditori
1612 1801 1678 1828 se-

195 1844 357 1885 cunctas
377 1842 556 1886 dedisse
573 1858 598 1886 a
619 1841 673 1888 Ρ.
699 1842 785 1885 dici
816 1857 899 1884 non
929 1857 1061 1900 posse
1094 1843 1284 1897 idcirco,
1322 1844 1421 1900 quia
1451 1843 1552 1886 Deo
1579 1843 1678 1885 nul—

194 1899 285 1941 lum
308 1901 439 1958 plane
459 1902 624 1943 cultum
644 1901 713 1943 illi
733 1899 996 1953 tribuerint,
1027 1915 1204 1953 vereor,
1234 1916 1286 1943 ue
1312 1902 1514 1954 argutius
1574 1913 1675 1942 uam

194 1957 343 2000 verius
370 1957 534 2000 dictum
563 1958 639 2002 sit.
705 1957 837 2001 Certe
865 1958 1055 2012 gentiles
1084 1973 1217 2015 quum
1247 1959 1485 2000 simulacra
1518 1972 1540 1998 a
1577 1971 1677 1999 ora—

192 2019 292 2057 rent
310 2029 397 2056 non
416 2014 609 2073 lapidem
631 2018 707 2057 aut
730 2019 935 2057 truncum
965 2015 1187 2071 vilemque
1215 2015 1469 2068 materiam,
1508 2029 1562 2057 ex
1592 2014 1676 2071 qua

193 2071 429 2114 simulacra
452 2073 638 2114 conflata
661 2076 834 2123 essent,
864 2070 942 2113 sed
972 2073 1273 2128 augustiorem
1306 2073 1428 2114 illam
1460 2076 1677 2125 naturam,

193 2143 308 2185 quae
327 2128 478 2172 mundi
495 2130 659 2172 rectrix
686 2135 762 2172 aut
790 2129 1042 2171 simulacris
1070 2134 1484 2188 repraesentaretur
1515 2132 1590 2170 aut
1619 2128 1676 2171 iis

191 2186 384 2238 inesset,
416 2189 619 2230 venerari
638 2187 724 2229 sibi
745 2185 829 2229 visi
850 2192 953 2229 sunt
979 2187 1022 2231 h.
1044 2201 1084 2232 e.
1102 2186 1153 2229 τὸ
1182 2189 1322 2229 θεῖον.
1383 2184 1485 2228 Non
1515 2186 1675 2244 placet,

228 2243 313 2286 uod
340 2243 526 2297 Rueck„
556 2249 606 2286 ut
633 2244 786 2287 Bezue
813 2242 1050 2302 objectioni
1077 2247 1349 2292 occurreret,
1382 2242 1522 2295 dixit,
1551 2243 1673 2298 loqui

193 2257 246 2344 ἓ).
276 2301 322 2346 h.
350 2302 382 2345 l.
412 2299 467 2343 de
494 2301 721 2348 inchoato,
758 2315 843 2342 non
873 2301 926 2343 de
966 2302 1163 2358 perfeeto
1197 2300 1516 2357 Polytbeismo.
1585 2301 1673 2354 Qui

192 2364 307 2409 tum,
339 2358 522 2416 opinor,
559 2359 791 2400 absolutus
819 2363 911 2408 est,
952 2373 1082 2415 quum
1111 2358 1192 2400 Dii
1221 2359 1424 2399 coluntur
1452 2372 1531 2414 pro
1559 2356 1674 2400 Deo.

194 2416 265 2457 Ae
285 2415 337 2457 de
355 2416 550 2473 perfecto
574 2414 875 2472 Polytbeismo
899 2417 968 2457 bie
988 2415 1059 2468 agi
1080 2431 1131 2457 ex
1155 2431 1206 2457 eo
1225 2420 1429 2472 apparet,
1456 2413 1571 2470 quod
1590 2428 1672 2455 nou

193 2476 360 2514 auctam
382 2474 611 2528 gentilium
637 2472 690 2515 de
717 2473 890 2515 numine
918 2472 1064 2514 divino
1094 2473 1452 2530 superstitionem
1479 2471 1527 2515 Ρ.
1553 2471 1671 2513 dein-

195 2543 298 2584 ceps
318 2535 551 2582 memorat,
584 2529 661 2572 sed
690 2529 742 2571 de.
770 2545 919 2571 eorum
952 2530 1134 2583 flagitiis
1163 2536 1204 2572 et
1237 2530 1480 2571 sceleribus
1511 2543 1563 2571 ex
1588 2526 1669 2570 Po-

194 2586 432 2641 lytheismo
455 2589 570 2629 natis
591 2588 876 2644 conqueritur
894 2601 935 2631 V.
954 2587 1011 2628 20
1026 2613 1072 2618 —
1087 2587 1174 2630 32..
1233 2587 1301 2630 Cf.
1331 2588 1459 2629 etiam
1489 2600 1529 2629 v·
1549 2584 1604 2626 21
1620 2610 1670 2614 -*

193 2642 290 2695 23„
337 2643 410 2684 ubi
442 2644 492 2689 P.
526 2661 574 2687 se
609 2644 662 2689 de
699 2644 890 2687 extrema
923 2644 1151 2697 gentilium
1181 2643 1427 2686 stoliditate
1455 2655 1671 2699 exponere

195 2699 428 2758 perspicue
457 2701 638 2747 indicat.
698 2702 795 2745 Hoc
825 2717 954 2743 unum
976 2702 1161 2744 Luam-2·
1187 2702 1521 2757 explicationem
1550 2712 1669 2740 ever-

195 2757 276 2805 tit,
308 2756 422 2814 quod
441 2761 639 2815 proxime
659 2773 848 2816 sequens
878 2757 1109 2814 doxologia
1139 2759 1287 2801 verbis
1316 2761 1384 2799 καὶ
1415 2753 1669 2808 ἑσερῆἒσθῃ-

197 2828 279 2855 σαι1
297 2839 347 2845 -—
366 2839 419 2846 -
438 2811 513 2855 τὼ·
541 2814 748 2858 κτίσαντα
780 2831 954 2870 gravem
984 2822 1027 2858 et
1056 2830 1167 2873 quae.
1196 2817 1270 2874 pio
1299 2814 1385 2856 Dei
1413 2813 1573 2855 cultori
1606 2813 1667 2853 in-

196 2870 488 2928 dignationem
516 2879 683 2914 movent
707 2874 964 2915 sententiam
994 2872 1177 2916 subesse
1205 2869 1411 2914 ostendit.
1473 2870 1539 2912 At
1565 2869 1668 2911 haec
