1752 3347
228 96 316 142 352
514 87 899 133 EPISTOLA
930 85 1032 129 AD
1065 85 1429 134 ROMANOS

230 199 470 257 appareat:
509 199 790 255 peecatorum
819 207 933 250 quae
962 194 1221 252 priusquam
1248 194 1293 236 in
1313 194 1484 238 Christi
1516 200 1560 238 te
1579 197 1712 240 disei-

231 258 398 315 plinam
428 252 674 296 tradideris
699 251 933 294 commissa
964 252 1053 293 siut
1072 252 1243 294 veniam
1266 251 1493 295 Christum
1512 255 1712 309 peperis-

232 328 305 366 se3
346 309 425 353 sed
458 324 571 367 quae
602 310 647 352 in
676 308 847 353 Christi
874 313 1045 350 coetum
1078 314 1284 366 receptus
1311 313 1356 351 et
1388 309 1499 351 hene
1529 314 1575 350 et
1602 311 1715 352 male

232 368 418 421 feceris,
449 382 601 410 eorum
623 372 666 408 te
690 371 735 408 et
755 367 951 424 praemia
971 372 1014 407 et
1037 379 1203 423 poenas
1223 380 1246 407 a
1266 365 1446 409 Christo
1468 364 1618 425 judice
1647 365 1716 407 in·

233 434 389 481 tegras
409 426 604 467 laturum
623 438 723 466 esse
743 428 806 480 (v.
827 437 960 480 supra
984 438 1029 480 p.
1049 422 1124 466 45.
1143 436 1212 479 sq.
1235 423 1292 466 cl.
1309 422 1441 466 Rom.
1458 424 1550 466 0.6.
1569 421 1717 466 2Cor.

233 484 277 537 5,
299 483 408 538 10.).
463 480 725 533 Postremo,
755 494 808 522 ne
837 480 968 537 plura
998 478 1181 532 addam,
1209 476 1282 521 ἵνα
1310 494 1352 523 v.
1377 481 1450 524 21.
1482 494 1568 522 non
1596 479 1717 522 valet

233 544 301 585 ita
321 545 393 592 ut,
423 537 573 581 sedeo
593 537 681 593 fine
706 541 754 579 ut
813 535 1031 594 endetque
1060 535 1115 578 ab
1146 534 1718 592 ὑπερεπερίσσευσεν

233 596 263 656 ἡ
281 595 427 652 χάρις.
448 621 502 628 -
531 594 732 649 ΙΛιΐΙιεν.,
802 608 953 647 ναεη1.,
981 595 1122 646 Beza,
1151 593 1332 647 Reum„
1366 594 1559 637 Cramer.
1581 593 1641 636 al.
1674 590 1719 635 ἐν

235 656 299 710 τῷ
317 650 502 708 θανάτῳ
535 666 618 709 pro
644 649 710 701 εἷς
736 650 812 693 τὸν
835 650 1034 693 θάνατον
1065 651 1326 692 collocatum
1357 665 1457 692 0550
1489 653 1719 708 putarunt,

236 711 343 770 quia
383 707 466 760 εἰς
504 707 620 767 ζωὴν
650 705 834 751 αἰώνιον
863 708 1012 750 verbis
1043 705 1101 750 ἐν
1129 708 1192 762 ’τῷ
1222 708 1406 763 θανάτῳ
1435 707 1597 765 opponi
1630 705 1719 748 sibi

231 771 571 829 persuaserant.
631 767 700 809 At
722 764 989 823 respondent
1007 764 1156 807 verbis
1177 762 1221 806 ἐν
1238 765 1300 818 τῷ
1319 768 1366 805 ὓ.
1389 779 1504 808 voce.
1529 763 1603 806 (διὰ
1635 765 1683 806 dc
1699 789 1720 796 -

238 820 554 880 καιοσύνης
592 819 676 872 εἷς
716 821 828 878 ζωὴν
867 819 1050 864 αἰώνιον
1082 835 1162 877 per
1188 820 1480 875 inteyritcetem
1508 823 1718 863 valentem

239 883 296 928 ad
323 882 458 925 vitam
485 879 820 934 sempiternam,
859 879 890 920 i.
913 893 954 934 q.
984 875 1058 919 διὰ
1090 873 1375 932 ὸικαισσύνης
1398 876 1511 932 ζωῆς
1533 873 1720 919 αἰωνίου

235 944 298 997 (v.
312 953 354 983 v.
369 938 486 992 18.),
515 935 634 993 quod
655 935 710 977 ob
731 934 1039 978 Genitivorum
1061 947 1322 975 concursum
1340 933 1563 989 ingratum
1586 938 1723 976 esset.

240 995 479 1052 Imperium
517 994 714 1036 exercuit
764 993 996 1035 Peccatum
1038 1005 1116 1046 per
1147 996 1328 1032 mortem
1353 988 1662 1046 (ἐβασίλευσεν
1693 985 1718 1046 ἡ

226 1049 445 1110 Ἆμαρτία
475 1048 521 1093 ἐν
550 1051 614 1106 τῷ
640 1048 846 1104 θανάτῳ)
877 1064 950 1105 up.
980 1047 1150 1088 Adami
1177 1048 1330 1104 culpa,
1372 1046 1448 1090 διὰ
1476 1048 1555 1088 τοῦ
1582 1044 1721 1099 Ἀὁάμ

236 1115 303 1169 (v.
327 1106 570 1152 antithesin
602 1103 679 1148 (5th
695 1102 738 1149 Ἰ.
762 1108 852 1161 XO·
873 1107 928 1148 cl.
950 1120 989 1148 v,
1004 1105 1074 1148 12.
1090 1104 1354 1159 15.—-18.),
1386 1119 1518 1162 quum
1541 1102 1598 1145 ad
1618 1117 1724 1160 sup-

234 1168 417 1228 plicium
443 1164 563 1207 datis
584 1163 891 1221 peccatoribus
942 1177 988 1204 er
1007 1166 1191 1204 mortem
1213 1163 1332 1204 velut
1356 1162 1605 1204 ministrum
1634 1161 1723 1202 vim
1749 1184 1752 1185 ν

237 1240 363 1270 suam
394 1225 687 1280 expromeret.
754 1219 870 1261 ltem
901 1177 1028 1261 sseus
1059 1218 1348 1262 Clementiam
1382 1219 1615 1276 imperium
1645 1232 1725 1260 ex-

237 1296 389 1326 ercere
410 1285 711 1337 quantumque
730 1280 884 1334 posset
902 1275 1136 1319 ostendere
1154 1277 1297 1319 voluit
1353 1291 1400 1319 er
1423 1276 1627 1317 donatam
1655 1275 1724 1316 in-

240 1340 496 1396 tegritatem
517 1334 727 1393 perennis
749 1333 866 1376 vitae
897 1333 1265 1391 procreatricem,
1325 1333 1467 1376 'bristi
1495 1332 1725 1375 beneficio.

237 1397 379 1441 Recte
410 1407 517 1436 sane
544 1391 741 1434 Mortem
766 1405 847 1447 per
873 1391 992 1433 edita
1020 1391 1217 1433 facinora
1246 1391 1515 1434 dominatam
1547 1404 1646 1432 esse
1678 1386 1724 1442 (ὃ

243 1455 504 1500 Θάνατος
534 1447 610 1491 διὰ
643 1448 723 1505 τῆς
755 1447 975 1504 ἁμαρτίας
1005 1445 1290 1501 ἐβασίλευσεν
1319 1464 1360 1493 v.
1389 1448 1460 1491 14.
1493 1448 1610 1500 17.),
1658 1447 1725 1488 vi-

238 1511 392 1555 cissim
426 1505 740 1557 contenderes3
779 1505 886 1547 haec
915 1504 1030 1546 enim
1055 1504 1244 1546 Mortem
1274 1511 1537 1562 tyrannum,
1576 1503 1653 1559 qui
1677 1503 1724 1544 in

239 1568 442 1612 homines
470 1566 781 1618 grassaretur,
822 1561 1164 1605 constituerunt.
1233 1560 1323 1604 Sed
1357 1562 1462 1603 haec
1502 1559 1726 1603 sententia

241 1626 298 1668 ab
318 1625 363 1668 h.
382 1624 414 1665 1.
431 1620 710 1663 alienissima
738 1623 830 1670 est,
871 1617 947 1659 ubi
979 1619 1058 1674 τῆς
1079 1616 1323 1675 Ἀμαρτίας
1349 1619 1418 1660 vis
1446 1632 1497 1659 ae
1524 1617 1725 1675 potentia

239 1678 505 1726 declaranda
535 1681 646 1721 erat.
725 1675 919 1719 collatio
953 1673 1123 1732 (ὥςπερ
1151 1700 1208 1707 -
1239 1673 1376 1730 οῖ’-τω)
1407 1675 1462 1717 ad
1489 1675 1726 1730 utriusque

239 1739 369 1795 regni
394 1737 506 1779 fines
537 1746 778 1789 eorumque
807 1731 1018 1773 ambitum
1051 1731 1260 1789 pertinet.
1334 1733 1495 1789 ltaque
1528 1731 1581 1774 P.
1618 1731 1725 1772 haec

239 1797 372 1840 dicit:
411 1791 555 1835 Mosis
583 1796 730 1832 autem
757 1789 832 1830 lex
860 1787 915 1830 ad
943 1794 1120 1845 peccata
1151 1803 1263 1844 quae
1287 1796 1428 1832 morte
1460 1788 1727 1846 punirentur

239 1857 305 1911 (v.
330 1851 400 1894 12.
423 1849 518 1903 15.)
555 1847 636 1889 hoc
665 1846 750 1888 fine
777 1843 992 1903 divinitus
1020 1844 1192 1902 adjecta
1231 1850 1324 1897 est,
1370 1851 1422 1887 ut
1455 1843 1727 1886 abundantia

238 1912 520 1970 peccatorum
551 1906 826 1946 nasceretur.
885 1899 1007 1942 Nata
1034 1905 1180 1942 autem
1199 1906 1304 1958 (per
1325 1902 1467 1957 legem
1484 1902 1618 1955 11105.)
1646 1899 1728 1941 ab-

242 1964 458 2011 undantia
481 1965 784 2019 peccatorum,
815 1957 974 2000 eximia
1004 1956 1295 2000 redundantia
1330 1959 1508 2001 exstitit
1534 1958 1729 2000 clemen-

241 2027 358 2077 tiae,
388 2025 438 2064 ut
459 2015 825 2076 quemadmodum
846 2014 1078 2072 imperium
1099 2014 1331 2058 habuisset
1350 2015 1490 2073 (quod
1506 2015 1728 2057 latissime

242 2079 491 2143 patuisset)
513 2078 744 2119 Peccatum
763 2087 843 2130 per
871 2078 1056 2114 mortem
1084 2071 1273 2128 (Adami
1300 2075 1474 2131 eulpa),
1506 2073 1566 2114 ita
1595 2071 1729 2114 etiam

243 2135 489 2186 Clementia
520 2129 884 2190 (amplissimum)
912 2129 1149 2187 imperium
1178 2129 1362 2174 haberet
1388 2146 1468 2188 per
1493 2129 1728 2184 integrita-

243 2204 332 2241 tem
361 2190 570 2252 perennis
602 2190 718 2234 vitae
746 2192 958 2240 matrem,
989 2186 1099 2231 Jesu
1124 2186 1255 2242 Chr„
1285 2188 1454 2231 domini
1481 2187 1624 2231 nostri
1654 2185 1730 2228 be-

244 2255 420 2299 neficio.
438 2249 489 2306 *J

1568 2384 1604 2430 C
1617 2385 1662 2427 A
1674 2382 1726 2430 P.

293 2512 333 2556 ³³)
359 2512 533 2545 Ceterum
554 2517 629 2540 non
651 2510 690 2539 ut
711 2502 942 2543 Christianis,
969 2502 1029 2549 qui
1059 2502 1146 2536 olim
1171 2501 1300 2536 Judaci
1330 2501 1500 2547 fuissent,
1529 2516 1654 2539 eorum
1685 2514 1726 2537 ue

343 2554 578 2603 opinionibus
599 2550 817 2590 deserviret,
842 2550 902 2584 sed
925 2562 1073 2595 prorsus
1093 2563 1130 2583 ex
1149 2549 1259 2582 animi
1282 2548 1457 2582 sentcntizi
1489 2553 1573 2586 haec
1598 2516 1722 2594 (5259.

339 2598 642 2642 —21.)Paulum
666 2597 862 2642 disputasse
892 2597 1012 2642 negari
1042 2608 1116 2628 nou
1145 2601 1272 2639 potest.
1324 2595 1414 2628 Nam
1443 2609 1535 2641 quae
1563 2597 1605 2631 de
1623 2594 1724 2631 Ada-

341 2662 427 2693 mo,
453 2645 581 2681 mortis
601 2643 764 2689 physicae
784 2648 952 2685 auctore,
982 2655 1015 2677 v.
1041 2642 1095 2675 12.
1117 2643 1169 2675 15.
1190 2643 1245 2675 17.
1263 2642 1318 2675 21.
1343 2642 1547 2688 perscripsit
1574 2644 1613 2676 iis
1632 2653 1723 2675 ton-

342 2701 510 2729 sentanea
538 2698 640 2734 sunt,
679 2701 767 2734 quae
793 2689 829 2722 in
848 2688 982 2722 Genesi
1014 2689 1062 2731 (c.
1081 2688 1114 2721 9.
1134 2686 1254 2729 018),
1281 2688 1373 2720 111110
1403 2687 1496 2724 div..
1525 2686 1726 2721 tradumur.

343 2739 592 2784 Quamobrem
623 2734 778 2770 dubitari
810 2747 881 2768 uou
914 2742 1050 2780 potest,
1081 2732 1168 2778 quin
1199 2748 1235 2767 re
1265 2733 1300 2767 iu
1333 2732 1424 2766 libro
1443 2735 1510 2767 dir.
1532 2734 1725 2766 memmiae

341 2782 483 2834 prodit&
499 2782 727 2831 disciplinam
749 2793 847 2816 suam
875 2788 1041 2818 accurate
1061 2780 1253 2828 *fundatam
1276 2792 1357 2826 ‚esse
1375 2781 1446 2825 Ap.
1470 2778 1730 2814 ninimaxerit.
