1752 3347
207 152 296 197 276
489 143 874 192 EPISTOLA
902 144 1008 190 AD
1035 143 1401 193 ROMANOS

210 255 421 302 Christus
447 255 634 296 aetatem
664 250 783 310 apud
807 249 953 294 Deum
980 266 1116 309 agens
1143 267 1218 296 res
1242 255 1423 296 nostras
1440 252 1540 296 Deo
1565 267 1682 297 com-

211 309 386 357 mendet
406 324 540 366 seque
560 310 811 366 interponat
833 313 1011 352 nostrae
1029 324 1187 352 causae
1205 314 1437 368 patronum
1488 323 1530 352 v,
1547 309 1591 363 8,
1606 311 1683 354 34.

212 367 354 412 Hebr.
366 368 409 421 7,
419 367 490 410 25.
513 366 567 409 cl.
591 365 775 419 Joh.14‚
790 364 857 409 13.
873 366 983 422 14.).
1040 365 1128 408 Hic
1148 366 1293 409 Deum
1315 362 1370 410 P.
1391 370 1436 408 et
1495 364 1681 408 hristum

212 424 436 477 hominum
450 421 623 465 modulo
636 422 926 477 metitur‚non
947 419 1100 480 quodr‘y
1121 422 1319 479 σωτηρία
1339 419 1430 465 ἀπὸ
1451 422 1530 477 τῆς
1551 418 1684 477 ὀργῆς

211 481 380 524 summa
394 480 658 522 necessitate
677 477 725 522 ἐκ
745 484 820 535 τῆς
841 480 1117 535 καταλλαγῆς
1138 484 1460 536 consequatur,
1489 482 1539 520 ut
1558 475 1689 519 Deus

211 538 410 581 homines
422 535 592 581 Christi
608 550 711 578 nece
722 535 810 578 sibi
821 536 1127 579 reconciliatos
1138 551 1334 591 geennae
1344 535 1576 593 suppliciis
1588 533 1689 575 atfi-

210 609 312 638 cere
342 596 555 650 nequeat,
585 592 700 646 nisi,
722 596 792 635 ¹ut
814 592 1013 636 homines
1073 595 1208 636 assim
1237 593 1429 646 faciunt,
1466 605 1542 634 eos
1571 603 1688 632 nunc

211 666 389 709 quoque
408 650 575 693 occulte
597 648 762 703 oderit,
791 649 952 708 quibus
972 665 1029 708 pu
1063 651 1147 693 lice
1177 650 1397 706 ignoverit
1428 653 1493 705 (v,
1512 646 1689 697 Reich.;

208 723 312 751 nam
344 707 508 765 impuri
536 706 807 760 Christiani,
845 722 1106 764 quamquam
1132 707 1233 750 Deo
1253 706 1422 752 Christi
1452 703 1584 747 caede
1614 717 1689 745 re-

209 763 460 817 conciliati,
507 778 532 805 a
565 764 695 806 beata
723 763 917 807 Messiae
946 764 1124 807 civitate
1155 765 1325 807 exclusi
1362 761 1480 820 apud
1518 760 1688 803 inferos

209 820 558 878 torquebuntur,
593 820 775 878 Eph.5‚
802 820 890 875 5.)‚
935 820 1015 864 sed
1054 822 1259 878 quoniam
1300 834 1441 876 neque
1478 816 1689 861 Christus

243 877 514 921 atrocinetur
534 876 729 933 indignis
749 882 793 919 ct
810 892 1118 935 perversorum
1146 878 1367 919 hominum
1394 874 1689 940 patrocinium

208 893 380 979 frustra
410 933 527 993 apud
550 934 694 976 Deum
725 934 1017 992 suscipiatur,
1050 934 1126 991 qui
1154 934 1210 976 ab
1239 932 1491 976 hominibus
1517 928 1690 974 Christi

211 991 434 1051 supplicio
454 991 647 1049 expiatis
667 995 906 1048 spectatam
926 990 1078 1043 fidem,
1109 1005 1221 1047 quae
1251 1005 1274 1032 e
1302 990 1470 1046 pietate
1497 1000 1689 1029 morum-

209 1063 297 1106 que
317 1049 547 1091 honestate
568 1048 873 1102 cognoscitur,
903 1048 1118 1102 efflagitet
1145 1049 1208 1103 (v.
1227 1062 1272 1105 p.
1294 1047 1367 1090 45.
1390 1046 1498 1102 sq.).
1556 1041 1688 1086 Unde

209 1119 353 1162 neque
372 1104 500 1163 probi
524 1104 790 1158 Christiani,
822 1103 897 1160 qui
927 1104 1013 1146 sihi
1043 1104 1131 1162 ipsi
1157 1104 1388 1147 consulere
1417 1102 1582 1155 sciant,
1611 1114 1690 1158 pa-

210 1167 341 1205 trono
382 1161 605 1217 indigent,
651 1176 794 1219 neque
831 1161 1159 1218 improborum,
1207 1161 1284 1218 qui
1321 1158 1435 1203 illud
1475 1158 1692 1210 nesciant,

209 1219 433 1262 fortunam
470 1218 672 1273 ignaviae
706 1219 968 1275 deprecator
1007 1219 1154 1260 levare
1195 1222 1358 1276 potest.
1427 1215 1517 1259 Sed
1546 1213 1690 1257 Paulo

209 1276 432 1318 hominum
453 1277 541 1317 vita
573 1280 617 1317 et
645 1273 913 1316 consuetudo
939 1274 1282 1327 obversabatur,
1321 1273 1396 1331 qui
1429 1287 1561 1330 quum
1588 1271 1693 1329 plus

209 1332 463 1375 hominibus
483 1346 611 1387 quam
631 1332 765 1373 rebus
786 1331 986 1373 tribuant
1003 1337 1047 1374 et
1076 1347 1157 1391 pro
1186 1333 1300 1375 caris
1327 1330 1481 1373 amicis
1512 1328 1588 1386 qui
1614 1326 1691 1369 de-

208 1388 427 1445 liquerint
455 1402 476 1428 a
514 1387 572 1429 ud
599 1389 720 1430 viros
743 1388 789 1430 in
815 1388 1002 1446 imperio
1033 1389 1300 1432 constitutos
1324 1387 1618 1445 deprecantur
1645 1387 1692 1426 et

209 1445 402 1504 injurias
443 1445 482 1486 si
515 1445 530 1487 i
566 1444 706 1487 factas
745 1444 1021 1503 deprecatori
1052 1448 1122 1489 cui
1155 1447 1305 1489 favent
1340 1444 1602 1487 condonant.
1632 1465 1689 1472 —

208 1495 277 1545 Ut
295 1516 338 1546 v.
362 1498 525 1558 ἐχθρός
554 1501 641 1544 vim
661 1502 878 1556 passivam
909 1504 1065 1559 (alicui
1087 1505 1282 1555 invisus,
1312 1517 1352 1545 v·
1376 1504 1444 1549 11,
1462 1500 1557 1551 28.)
1586 1498 1630 1541 h.
1653 1497 1689 1542 l.

211 1557 547 1601 substernamus
572 1563 616 1599 et
634 1559 869 1599 formulam
890 1557 1286 1601 καταλλάσσεσθαί
1307 1574 1393 1600 τινι
1422 1561 1463 1598 in
1497 1553 1688 1610 alicujus

212 1614 408 1672 favorem
431 1614 594 1666 venire,
624 1613 696 1671 qui
720 1614 800 1656 tibi
826 1619 956 1656 antea
989 1616 1277 1658 succensum-it
1309 1629 1358 1656 ex
1381 1627 1605 1662 sonamus,
1633 1610 1688 1654 P.

209 1670 457 1728 disputatio
483 1673 527 1711 et
561 1684 634 1713 res
661 1670 759 1727 ipsa
790 1671 959 1727 poscit,
989 1671 1343 1729 quandoquidem
1367 1630 1497 1713 ¹Deus
1517 1667 1690 1712 Christi

210 1742 317 1770 nece
347 1725 599 1769 hominibus
631 1727 851 1784 propitius
885 1729 1028 1770 factus
1062 1733 1152 1781 est,
1182 1744 1205 1770 a
1231 1728 1392 1795 quibus
1413 1727 1508 1786 ejus
1529 1726 1687 1768 volun-

212 1788 285 1826 tas
314 1783 419 1825 olim
450 1783 699 1825 abalienata
721 1788 856 1828 esset.
923 1784 1039 1826 Nam
1066 1783 1459 1828 καταλλασσεσθαί
1486 1798 1571 1825 τινι
1601 1795 1688 1823 non

213 1841 385 1893 solum,
413 1844 461 1881 ut
482 1839 922 1894 passivo-Itlestiurn,
950 1856 1101 1883 novum
1120 1841 1203 1884 sthi
1224 1843 1265 1884 in
1288 1856 1406 1894 eum,
1436 1856 1463 1883 a
1491 1853 1570 1896 quo
1598 1839 1686 1880 ‹lis-

212 1895 396 1948 sedere‘s,
445 1895 661 1950 {nyenium
710 1896 907 1949 induere,
952 1898 1124 1953 placari
1159 1899 1221 1950 ei,
1267 1899 1335 1940 cni
1372 1899 1513 1940 iratus
1548 1894 1688 1952 fueris

211 1955 263 2053 ς
286 1952 388 1996 Cor.
408 1952 451 2004 7,
481 1952 573 2005 11.)
602 1955 748 2004 notat,
776 1966 926 1994 verum
959 1953 1117 2007 etiam,
1148 1968 1408 2010 quamquam
1439 1952 1609 2003 rarius,
1638 1954 1689 1992 ut

221 2012 225 2015 ’
254 2009 465 2062 cassinum,
495 2008 628 2051 alium
643 2006 743 2063 fieri
760 2009 823 2063 εἰ,
852 2009 921 2052 cui
939 2010 1098 2053 invisus
1115 2009 1268 2068 fiteris,
1298 2011 1352 2053 ab
1369 2025 1415 2052 eo
1435 2011 1477 2053 in
1493 2008 1686 2064 qratiam

211 2065 370 2122 recipi,
414 2065 530 2121 apud
557 2079 681 2122 quem
719 2066 765 2109 ἱη
804 2066 901 2109 odio
931 2066 1070 2124 fueris
1108 2067 1409 2124 significa1t.*)
1475 2063 1688 2123 Xenoph.

258 2218 298 2265 ³¹¹)
323 2218 372 2254 B.
399 2218 646 2253 Tiumannus
673 2219 732 2255 De
756 2217 989 2267 Synonymis'
1011 2220 1047 2255 in
1077 2220 1123 2257 N.
1146 2220 1190 2258 T.
1221 2220 1314 2256 libro
1343 2222 1373 2255 I.
1403 2233 1439 2267 p.
1464 2220 1539 2255 102.
1571 2219 1686 2264 (Lips-

306 2265 411 2300 1829.
438 2265 488 2311 8.)
510 2263 744 2301 διαλλάσσειν
763 2274 796 2300 et
821 2265 1089 2303 καταλλάσσειν
1115 2268 1313 2313 significatu
1342 2268 1484 2301 differre
1508 2271 1683 2301 autumat.

304 2309 576 2368 »Διαλλιὶσσειν
595 2313 751 2358 plurium
779 2319 849 2356 est,
874 2314 1010 2361 iuquit,
1035 2313 1302 2350 καταλλάσσειν
1329 2313 1449 2348 unius.
1498 2313 1560 2347 Est
1587 2311 1686 2346 enim

306 2358 542 2395 διαλλασσειν
561 2360 727 2400 efficere,
753 2365 792 2392 ut
812 2371 901 2403 quae
929 2360 1116 2396 inimicitia
1145 2361 1212 2394 suit
1241 2368 1395 2398 mutua.
1428 2373 1466 2394 ca
1494 2371 1568 2395 esse
1596 2358 1685 2392 desi-

307 2411 384 2441 nat.
410 2423 457 2432 -
503 2405 639 2439 Contra
662 2403 928 2441 καταλλάσσειν
956 2404 1103 2453 proprie
1130 2415 1181 2441 est
1209 2405 1350 2451 facere,
1375 2412 1413 2439 ut
1441 2407 1540 2439 alter
1564 2402 1683 2437 inimi·

306 2463 391 2484 cum
411 2450 573 2486 animum
596 2450 785 2497 deponat.'’
833 2452 945 2486 Affert
963 2466 1046 2487 saue
1075 2450 1136 2488 διιὶ
1164 2453 1348 2486 nonnullis
1376 2465 1410 2490 v,
1440 2449 1680 2498 praepositum

308 2495 403 2531 hanc
421 2497 678 2544 cogitationem
693 2523 704 2541 ‚
728 2503 787 2530 aut
805 2497 881 2531 fieri
900 2512 975 2532 rem
993 2512 1012 2533 a
1041 2499 1202 2544 pluribus
1226 2499 1288 2543 (ef.
1315 2498 1500 2534 ὁιακυνεῖν
1525 2500 1624 2531 inter
1640 2503 1683 2528 κ

311 2543 492 2583 osculari;
515 2543 604 2577 adde
630 2541 966 2580 διαπυνθάνεσθαι
989 2552 1023 2579 et
1050 2543 1388 2592 dm‹590iomo=9at),
1411 2551 1470 2579 aut
1496 2543 1611 2582 effici.
1641 2544 1681 2572 ¹¹⁸

309 2586 431 2630 plures
458 2588 592 2635 aliquid
623 2590 849 2624 committant
876 2591 938 2632 (cf.
971 2590 1260 2637 διαγωνοθετεΐν
1277 2593 1412 2636 facere
1439 2597 1478 2624 ut
1503 2592 1578 2622 duo
1601 2596 1682 2620 cer-

311 2638 441 2686 fflmffl
463 2636 625 2679 ineam),
651 2635 746 2670 uude
764 2633 997 2672 διαλλάσσειν
1025 2643 1125 2672 inte-r
1143 2651 1182 2673 se
1207 2640 1423 2672 dissidentes
1454 2639 1492 2671 in
1515 2633 1680 2682 gran'afn

310 2680 476 2719 redtgere
515 2681 635 2716 valere
669 2694 772 2727 posse
804 2683 974 2719 videatur.
1040 2684 1281 2719 Nihitominus
1319 2683 1526 2718 Te’nrnanm‘
1557 2678 1678 2723 opium

310 2721 545 2776 fundamento
571 2728 736 2762 destituta
762 2735 838 2772 est,
860 2737 937 2764 tum
965 2730 1046 2776 quia
1064 2733 1227 2774 simplex
1254 2744 1285 2766 v.
1308 2726 1503 2766 ἀλλάσσειν
1518 2726 1683 2759 reconci-

311 2769 407 2801 lmrc
426 2782 499 2803 non
519 2773 697 2816 declarat,
730 2781 808 2808 tum
829 2776 925 2820 quod
943 2789 1010 2811 cur
1033 2778 1200 2819 „saccre,
1225 2784 1262 2810 ut
1279 2778 1376 2811 alter
1393 2775 1578 2810 inimicum
1599 2770 1680 2804 ani-

312 2825 411 2849 mum
429 2815 616 2862 deponat”
641 2833 694 2855 κα
706 2820 931 2860 ταλλιὶσσειν
948 2821 1079 2863 Graeci
1104 2822 1256 2860 dixerint
1273 2822 1372 2858 nulla
1388 2820 1477 2856 ratio
1497 2825 1560 2852 cst.
1600 2815 1678 2850 Ad-
