1752 3347
490 123 583 169 CA
597 124 649 169 Ρ.
681 123 741 172 V.
787 123 874 169 Vs.
904 124 1002 169 12..
1415 122 1498 165 301

32 232 127 284 Dei
152 232 278 288 lege,
318 246 448 290 quam
474 235 614 274 morte
644 231 769 274 Deus
796 229 1042 283 sanxisset,
1072 229 1230 272 violam
1257 233 1498 287 peccasset,

36 288 112 331 eti
147 304 194 331 sc
214 293 262 331 ut
283 294 378 332 rata
408 294 529 332 esset
546 288 635 332 Dei
662 288 938 330 comminatio
966 291 1148 329 mortem
1179 288 1367 344 oppetiit
1384 289 1499 332 Gen.

34 344 88 398 2,
137 346 180 388 7.
212 345 263 399 3,
288 346 382 399 19.,
412 350 456 388 et
478 345 603 388 Deus
630 360 779 386 omues
803 344 1007 402 deinceps
1046 344 1242 386 homines
1282 347 1500 400 quotquot

33 406 291 458 peccassent
309 401 458 444 eodem
480 402 697 459 supplicio
716 401 859 443 affecit
874 435 886 454 ‚
915 406 1006 444 tum
1031 399 1145 456 quod
1164 399 1328 443 Adami
1349 407 1499 458 poste-

33 471 110 500 ros
128 462 174 500 et
191 457 312 514 ipsos
334 458 488 515 probri
509 462 757 514 compertos
777 458 926 499 mitius
954 472 1082 514 (piam
1115 457 1291 510 generis
1320 457 1499 500 humani

33 517 255 556 auctorem
276 514 434 569 punire
454 528 535 570 pro
556 515 634 554 sua
650 512 830 569 justitia
854 513 1010 561 noluit,
1042 517 1085 554 et
1105 514 1204 568 quia
1224 526 1304 569 pro
1325 516 1403 556 suxi
1427 529 1498 556 sa-

31 569 200 628 pientiai
227 582 365 623 genus
393 568 627 610 humanum
654 569 916 610 immortalis
947 571 1062 611 vitae
1091 567 1278 609 fructum
1309 573 1400 611 tum
1420 571 1497 612 (le-

32 640 147 669 mum
166 624 394 682 percipere
417 624 730 672 constituerat,
763 639 893 680 quum
923 624 1077 667 mortis
1103 625 1386 667 acerbitatem
1415 625 1496 668 (le-

30 685 257 739 gustasset
291 682 355 737 (v.
385 680 456 724 14.
476 680 548 724 20.
567 679 638 725 21.
681 683 705 722 1
726 680 828 726 Cor.
851 680 926 732 15,
961 682 1033 724 46.
1053 684 1156 736 sq.).
1220 679 1317 725 Jam
1359 697 1494 738 quum

30 751 156 783 nemo
188 737 309 780 nulla
336 742 513 796 peccata
541 737 724 780 fecisset
764 738 826 794 (3,
842 738 884 780 9.
906 737 1024 793 23.)‚
1061 752 1210 779 omnes
1236 739 1328 780 sato
1354 739 1495 782 functi

29 798 158 848 suut,
203 808 390 851 quorum
418 808 549 837 causa
581 793 740 837 mortis
764 794 967 838 remotior
999 794 1042 835 in
1072 793 1249 836 Adamo
1281 796 1367 838 sita
1408 802 1493 850 est,

6 850 156 911 'cujus
186 850 381 894 facinore
409 850 607 895 effectum
634 855 776 904 esset,
813 855 863 893 ut
903 854 1120 907 quotquot
1149 851 1495 910 quandocunque

26 908 290 968 'peccassent
314 912 455 950 morte
486 909 802 951 mulctarentur
836 907 1053 963 (alioquin
1081 907 1195 949 enim
1223 907 1351 951 Deus
1380 911 1494 953 alias

27 963 85 1006 ab
102 963 584 1025 ejusmodi‘hominibus
601 979 765 1023 poenas
784 963 1019 1021 cepisset),
1044 965 1218 1020 propior
1245 980 1320 1007 seu
1338 968 1493 1022 prozi-

28 1035 101 1064 ma
127 1022 275 1083 potius
302 1035 434 1063 causa
461 1022 508 1064 in
533 1022 723 1080 peccatis
749 1024 895 1080 posita
924 1027 1017 1075 est,
1070 1035 1180 1076 quae
1220 1024 1493 1066 committere

62 1092 160 1119 uam
195 1077 391 1122 devitare
428 1077 517 1136 ipsi
555 1080 817 1122 maluissent
844 1081 914 1136 (1,
940 1078 1007 1122 18.
1037 1077 1073 1120 Ε
1108 1077 1150 1120 h.
1172 1077 1215 1131 4,
1235 1080 1492 1134 17.-—19.).

0 1091 244 1178 *illuvalidis
273 1135 544 1191 argumentis
573 1136 678 1178 haec
706 1137 820 1178 iuter
853 1135 1014 1178 retatio
1053 1093 1107 1176 ab
1145 1134 1201 1176 iis
1238 1136 1492 1193 impugnata

25 1197 120 1245 est,
151 1192 227 1248 qui
246 1192 466 1234 hominum
488 1196 663 1250 peccata
685 1207 780 1235 cum
852 1193 967 1235 dami
985 1192 1178 1234 facinore
1199 1192 1278 1234 ali(
1296 1208 1349 1235 uo
1375 1208 1494 1236 nexu

23 1248 241 1291 contineri
264 1247 448 1291 Paulum
471 1249 514 1292 h.
532 1250 565 1294 l.
584 1248 740 1291 docere
760 1254 991 1307 putassent
1008 1250 1092 1304 (sic
1110 1250 1240 1291 etiam
1304 1251 1493 1295 ‚Schera

23 1305 58 1349 l.
77 1305 111 1349 l.
172 1337 184 1348 .
205 1305 324 1358 328„
353 1304 476 1349 S.V.
494 1305 856 1362 Weyscleciderus,
885 1321 1080 1348 summus
1101 1306 1382 1362 Theologus,
1412 1308 1490 1349 ln-

25 1361 122 1406 stit.
192 1360 471 1417 heol.d0gm.·
485 1361 556 1407 ed.
573 1365 617 1407 7.
642 1378 687 1420 p.
707 1363 808 1407 412.
827 1363 926 1417 aL).
985 1362 1123 1421 Cujus
1141 1364 1386 1406 sententiae
1408 1365 1490 1406 boc

24 1432 92 1461 vs.
113 1432 192 1460 nec
212 1419 309 1474 vola
335 1422 403 1461 est
431 1433 509 1461 nec
537 1418 795 1474 vestigium,
826 1419 914 1461 nisi
940 1433 1034 1460 eam
1064 1419 1192 1460 malis
1222 1421 1394 1462 artibus
1423 1422 1489 1462 in-

24 1475 217 1517 truseris
234 1478 296 1530 (v.
316 1474 471 1530 infra).
527 1477 585 1518 V.
608 1477 739 1519 15.-
753 1477 822 1518 17.
843 1490 929 1517 non
947 1479 997 1516 ut
1015 1476 1212 1517 homines
1242 1483 1489 1533 peccarent,

25 1530 169 1574 sedat
185 1536 452 1573 morerentur
467 1529 633 1572 Adami
649 1535 828 1588 peccato
848 1531 1044 1572 effectum
1068 1546 1167 1573 esse
1197 1532 1382 1587 dieitur,
1412 1549 1488 1577 cu-

19 1587 96 1654 jus
115 1586 358 1630 sententiae
381 1585 446 1628 ibi
465 1587 718 1642 simpliciter
737 1587 909 1645 positae
930 1587 1166 1644 explicatio
1187 1602 1210 1630 e
1229 1602 1294 1633 vs,
1311 1591 1395 1642 12„
1412 1606 1487 1633 cu-

17 1658 97 1706 Jus
121 1643 262 1702 major
288 1648 357 1685 est
385 1643 709 1701 perspicuitas,
753 1643 943 1701 petenda
981 1647 1064 1686 est.
1128 1642 1189 1688 V.
1211 1647 1281 1689 14.
1319 1646 1489 1690 Adami

21 1701 215 1759 posteris
235 1699 388 1757 proavi
407 1704 630 1757 peccatum
653 1701 826 1743 minime
845 1700 1018 1742 crimini
1039 1700 1167 1742 datur
1195 1707 1271 1744 aut
1298 1702 1489 1761 imputa-

24 1762 101 1799 tur
126 1759 191 1813 (ν.
211 1757 312 1812 ihi).
366 1755 482 1799 Tum
502 1756 722 1799 hominum
742 1757 1020 1800 vitiositatem
1048 1771 1088 1801 V.
1111 1760 1179 1801 18.
1200 1760 1269 1803 19.
1292 1762 1488 1804 arctissi-

21 1827 90 1856 mo
115 1814 288 1857 vinculo
317 1827 414 1855 cum
434 1813 600 1856 Adami
627 1814 860 1857 vitiositate
885 1829 909 1856 a
931 1812 985 1858 P.
1015 1816 1213 1871 copulari
1239 1818 1487 1862 inconside-

19 1875 119 1913 rate
139 1870 336 1913 Tholacc.
358 1884 402 1926 p.
423 1870 521 1914 180.
542 1870 790 1926 perhibuit,
819 1870 1006 1926 primum
1030 1871 1146 1926 quod
1172 1872 1236 1913 ibi
1263 1886 1403 1930 neque
1433 1875 1488 1918 de

21 1926 190 1971 Adami
205 1940 345 1981 neque
365 1926 418 1968 de
438 1931 680 1968 ceterorum
703 1924 924 1968 hominum
942 1926 1174 1970 vitiositate
1193 1943 1335 1972 sermo
1357 1931 1489 1974 insti-

21 1982 180 2035 tuitur,
199 1981 276 2023 sed
288 1981 518 2024 deAdami
537 1982 803 2024 contumacia
817 1983 978 2037 agitur,
997 1997 1117 2039 (paee,
1131 1986 1332 2040 quoniam
1346 1990 1485 2032 omni-

22 2040 107 2081 hus
127 2038 203 2095 qui
223 2037 520 2094 deliquissent
538 2037 787 2080 hominibus
818 2044 999 2080 mortem
1033 2044 1322 2097 contraxerit,
1382 2059 1484 2088 uum

20 2110 146 2137 nemo
165 2109 189 2136 a
208 2095 399 2152 peccatis
411 2092 596 2152 prorsus
608 2093 889 2148 declinasset,
915 2097 1125 2138 neminem
1144 2113 1240 2153 non,
1259 2059 1485 2160 qllodpcc,

22 2157 216 2204 catorum
238 2165 377 2209 poena
395 2166 513 2194 mors
530 2149 797 2205 ostenderit,
827 2153 1038 2195 commissi
1054 2153 1200 2197 delicti
1215 2161 1485 2213 coaryuerit3

20 2207 179 2251 deinde
204 2207 309 2264 quia
336 2207 557 2251 hominum
587 2222 705 2250 mors
736 2223 831 2250 cum
858 2207 1025 2251 Adami
1063 2210 1360 2257 inobedientia
1390 2215 1485 2258 vin-

22 2265 122 2307 culo
142 2264 316 2321 quidem
338 2265 513 2322 aliquo,
542 2263 623 2306 sed
640 2279 726 2307 non
743 2265 984 2308 arctissimo
1000 2266 1173 2310 vinculo
1193 2271 1483 2319 connectitur.

21 2321 193 2379 Nempe
213 2319 382 2365 Christi
401 2321 658 2379 obsequium
678 2335 763 2364 non
781 2321 949 2378 magica
967 2325 1232 2368 necessitate
1252 2331 1329 2369 aut
1348 2329 1483 2373 fasci-

21 2393 80 2421 no
111 2377 341 2420 criminum
366 2378 554 2433 gratiam
591 2375 691 2435 (τὴν
720 2378 1021 2478 δικαιοσύνηἨ
1057 2381 1183 2423 nohis
1212 2388 1365 2441 parat,
1401 2387 1481 2430 sed

21 2434 291 2478 occasionem
309 2433 508 2478 habenda
525 2434 611 2477 fide
629 2449 723 2477 eam
752 2449 986 2494 comparan
1021 2437 1033 2477 i
1059 2437 1186 2480 nobis
1211 2440 1482 2500 suppeditat.

22 2492 174 2547 Quare
194 2491 310 2533 sicut
325 2492 404 2557 τῆς
423 2491 706 2547 δικαιοσύνης
719 2506 849 2534 causa
871 2494 1082 2535 remotior
1107 2494 1153 2536 in
1175 2495 1344 2541 Christi
1376 2501 1479 2544 obe-

22 2548 213 2602 dientia,
249 2562 431 2605 propior
456 2548 502 2590 in
522 2547 609 2602 fide
638 2563 766 2603 quam
794 2548 1078 2592 habuerimus
1109 2553 1255 2608 posita
1285 2559 1374 2610 est,
1412 2558 1477 2601 ita

22 2605 206 2659 mortis,
245 2619 356 2661 quae
385 2603 574 2661 aliquem
603 2603 845 2661 deliquisse
872 2611 1054 2661 arguat,
1092 2607 1247 2652 ultima
1274 2626 1402 2657 causa
1428 2617 1476 2658 in

22 2661 191 2710 Adami
221 2665 422 2718 peccato,
465 2663 604 2717 prima
634 2660 678 2702 in
714 2665 890 2717 peccato
925 2662 1043 2718 quod
1078 2663 1175 2721 ipse
1204 2662 1476 2715 commiseris

23 2718 271 2774 quaerenda
293 2721 376 2761 est.
434 2715 665 2759 Post-remo
686 2717 910 2762 Christum
938 2720 1221 2765 immortalem
1249 2726 1376 2769 nobis
1404 2729 1475 2770 vi-

22 2780 109 2818 tam
136 2790 187 2819 eo
216 2787 516 2833 comparasse,
551 2772 668 2830 quod
692 2773 951 2818 delictorum
978 2777 1146 2822 veniam
1175 2779 1275 2838 (τὴν
1300 2784 1474 2827 δικαιο-
