1752 3347
490 158 650 206 CAP.
683 157 771 206 Vl.
815 159 908 205 Vs.
933 159 1021 206 20..
1388 154 1474 198 423

3 285 212 328 personae
253 274 508 328 spectantur
544 270 575 313 i.
603 284 644 315 e.
681 268 970 312 membrorum
1004 267 1204 325 corporis
1246 267 1470 312 rectrices.

9 328 100 372 Sed
121 329 163 370 in
186 328 400 385 proximis
417 342 457 371 v,
480 325 547 375 εἰς
560 326 638 382 τὴν
657 322 841 379 ἀνομίαν
855 357 864 374 ,
894 325 1054 382 quihus
1076 326 1168 381 Ap.
1193 323 1397 381 quidnam
1419 340 1468 367 ex

6 388 390 440 eo-consequutum
414 384 499 435 sit,
531 381 646 440 quod
664 382 851 425 Romani
876 397 1035 439 corpus
1055 397 1179 424 suum
1202 382 1293 424 iuis
1318 383 1473 424 rectri-

8 441 539 498 cibusemancipassent,
582 440 804 490 enuntiat,
845 453 1012 481 morum
1043 439 1375 495 perversitatem
1400 437 1477 480 de-
1532 476 1553 489 s

7 499 173 541 clarat:
222 496 581 554 quemadmodum
624 495 894 552 praebuistis
933 496 1131 551 corporis
1168 495 1304 536 vestri
1342 509 1476 536 mem-

10 554 91 597 bra
125 554 203 609 (cf.
230 569 270 597 v,
294 554 384 606 13.)
412 565 535 595 serva
559 553 623 606 (v,
651 552 809 608 supra)
834 550 1093 609 Impuritati
1121 555 1164 592 et
1194 550 1478 621 improbitati

10 611 92 654 hoc
110 611 264 654 effectu
277 643 290 664 ,
318 614 366 652 ut
383 607 571 663 improbe
590 607 715 663 facta
728 641 740 661 ‚
768 623 876 663 qaae
891 609 1103 663 patrastis
1120 606 1198 675 (σὴ
1213 625 1234 649 ν
1259 606 1478 662 ανομίαν),

9 672 302 719 nascerentur,
315 665 575 708 exsisterent
593 660 726 716 (ὥστε
744 667 891 706 ποιεῖν
909 664 987 718 τὴν
1008 663 1221 719 ἀνομιαν).
1252 664 1321 710 Cf.
1343 680 1478 722 supra

14 739 58 783 p.
79 725 168 768 49..
231 723 274 765 Τ
267 721 555 777 ΙιεορΙψΙαείἱ,
583 719 707 773 Oce„
737 722 885 773 Grot„
915 720 1068 765 Ko'lln.
1088 722 1146 765 al.
1166 723 1386 764 enarratio
1413 723 1478 764 ita

13 782 123 825 utin
145 780 235 824 dies
251 778 420 834 pejores
436 776 601 831 fieretis
619 781 663 819 et
684 774 749 827 εἰς
769 774 1005 832 ἁγιασμόν]
1029 779 1091 819 ita
1110 783 1156 821 ut
1176 780 1361 834 qnotidie
1378 792 1477 833 pro-

9 851 202 895 mes-sam
232 835 412 894 faciatis
436 835 482 876 in
508 834 741 877 sanctitate
758 833 905 876 verbis
935 848 1020 876 non
1044 834 1296 891 respondet.
1355 834 1480 878 Idem

12 893 67 936 de
90 894 271 936 Lutheri
289 892 492 934 versione
510 890 742 934 existima:
780 892 969 947 gteidmvie
996 893 1058 947 ibt
1084 905 1170 937 cure
1196 895 1358 940 &ficher
1377 897 1482 947 hege:

15 957 95 997 bcn'
121 951 214 1002 βαίη
241 963 328 1005 5um
353 949 494 1002 §meust
524 951 590 994 bet
623 950 884 1004 unreinigfeit
919 951 1001 994 uub
1030 960 1123 992 von
1156 951 1292 994 einer
1321 953 1481 1006 unge:

17 1007 306 1076 recbtigfeit
336 1019 389 1062 511
421 1008 507 1050 bet
533 1007 720 1050 unbem
755 1029 806 1036 —-
833 1004 866 1049 i.
888 1019 927 1049 e.
956 1029 1012 1036 —-
1031 1005 1168 1047 δοῦλα
1187 1002 1483 1062 τῇἈκαθαρ-

16 1062 92 1120 oia
113 1079 188 1106 και
205 1060 253 1113 ἒξ
271 1059 382 1117 (ἀπ’)
396 1058 601 1114 ’Λνομίας
615 1059 793 1118 ’Λνομίᾳ
813 1086 868 1094 —
886 1063 916 1104 2
935 1061 1038 1106 Cor.
1058 1062 1102 1114 3,
1125 1062 1210 1106 18..
1240 1059 1307 1113 εἷς
1324 1058 1495 1117 ἁγιασ-ι

12 1113 205 1177 amq-8¹³4&
225 1119 357 1174 finem
379 1118 423 1162 h.
442 1118 476 1163 l.
497 1117 678 1162 indicat.
731 1117 941 1161 Refertur
959 1119 1075 1161 enim
1098 1118 1153 1160 ad
1170 1117 1484 1177 imperativum

17 1173 348 1232 παραστήσατε.
404 1174 575 1219 Vocab.
591 1175 673 1216 τοῦ
697 1170 916 1230 ἁγιασμοῦ
936 1190 1021 1218 non
1040 1176 1183 1218 solum
1203 1177 1485 1218 consecratio-

16 1247 127 1278 nem.
148 1233 204 1289 (i.
231 1246 276 1290 q.
302 1231 354 1276 τὸ
382 1228 578 1286 ἁγιάζειν
603 1233 633 1273 2
657 1230 824 1277 Thess.
851 1232 895 1286 2,
922 1232 1017 1288 13.)
1045 1231 1294 1287 declarare,
1335 1246 1486 1275 verum

0 1287 148 1335 &etiam
175 1288 520 1332 consecrationis
548 1289 751 1332 effectum
779 1294 855 1331 aut
882 1289 1001 1346 quod
1030 1289 1193 1333 habeas
1224 1283 1489 1347 ἣγιασμένος

0 1347 48 1403 ki.
68 1361 111 1389 e.
128 1347 479 1398 sanctimoniam,
509 1347 789 1389 sanctitatem
806 1347 953 1389 valere
981 1348 1053 1402 (ut
1072 1346 1169 1392 h.1.
1193 1352 1238 1390 et
1255 1345 1396 1389 Hehr.
1418 1345 1489 1399 12,

0 1404 225 1458 314.·)·=non
255 1407 353 1445 erat
371 1402 666 1459 quodRaeclc.
687 1402 940 1447 miraretur.
993 1404 1063 1448 Cf.
1090 1404 1262 1448 Buttm.
1289 1404 1407 1456 Quef.
1428 1415 1488 1458 gt.

0 1455 207 1512 iffivrucbl.
234 1458 310 1514 ΙΙ,
350 1475 395 1519 p.
424 1460 542 1504 315..
613 1458 701 1501 Sed
728 1457 795 1509 εἰς
822 1456 1040 1516 ἁγιασμόν
1064 1461 1160 1504 sine
1191 1460 1404 1503 Articulo
1435 1457 1490 1504 P.

18 1517 224 1576 scripsit,
256 1532 387 1574 quum
411 1516 490 1560 hoc
509 1516 656 1559 dicere
675 1521 906 1559 contentus
925 1520 1070 1561 esset:
1105 1531 1191 1574 quo
1212 1516 1491 1560 sanctitatem

18 1573 350 1631 consequamini
375 1574 418 1618 h.
450 1587 491 1617 e.
524 1578 572 1616 at
594 1574 737 1616 sancti
763 1574 956 1617 evadatis
983 1587 1042 1616 ex
1064 1574 1257 1629 pollutis.
1318 1572 1385 1615 Ut
1411 1577 1492 1614 aut

19 1630 334 1677 sanctimoniae
372 1630 624 1686 fastigium,
671 1634 748 1671 ant
783 1635 950 1673 certum
986 1629 1202 1686 quendam
1240 1629 1493 1672 sanctitatis

5 1686 226 1744 §gradum‚
256 1692 332 1730 aut
353 1689 630 1730 sanctitatem
659 1701 684 1727 a
705 1686 886 1730 Christo
910 1688 1170 1744 imperatam
1188 1686 1262 1728 hic
1281 1700 1495 1728 memora-

8 1750 90 1796 ¹ret
109 1753 196 1788 non
217 1750 313 1786 crat
330 1758 527 1789 necesse.
585 1743 826 1787 Converte:
851 1743 915 1786 ita
932 1756 1047 1784 nunc
1071 1743 1279 1801 praebete
1301 1743 1497 1785 membra

8 1803 167 1851 'vestra
197 1814 325 1843 serva
354 1801 584 1856 (obnoxia)
611 1798 834 1842 Probitati
864 1800 1062 1854 (herae),
1098 1804 1147 1842 ut
1174 1799 1275 1856 puri
1301 1799 1421 1842 fiatis
1443 1814 1495 1842 ex

20 1857 348 1900 contaminatis.
433 1855 638 1900 Ceterum
669 1854 813 1911 Syrus
845 1868 888 1899 v.
914 1852 981 1905 εἰς
1014 1852 1096 1910 τὴν
1124 1852 1330 1910 ἀνομίαν,
1379 1871 1494 1912 quae

22 1913 139 1958 Gaii.
164 1911 276 1954 Wall
303 1914 368 1966 (v,
395 1911 546 1969 Wolf.)
572 1909 715 1954 deleta
735 1911 898 1963 voluit,
924 1925 1018 1953 meo
1031 1910 1202 1970 judicio
1223 1913 1268 1954 in
1289 1927 1369 1955 suo
1390 1912 1495 1956 Cdo.

19 1969 152 2025 legit,
191 1967 271 2011 sed
295 1967 466 2010 duobus
486 1967 713 2010 concinnis
734 1968 942 2010 memhris
960 1967 1205 2011 efficiendis
1225 1968 1424 2012 intentus
1442 1969 1498 2012 li-

22 2026 174 2069 berius
194 2025 308 2067 hunc
326 2025 360 2069 1.
381 2025 612 2068 convertit.

104 2107 108 2113 .
137 2081 200 2127 V.
218 2082 294 2128 20.
352 2080 617 2124 Illustratur
645 2081 735 2125 hoc‘
750 2095 816 2125 vs.
845 2087 1102 2137 antegressa
1122 2095 1165 2125 v.
1183 2082 1253 2128 19.
1281 2083 1502 2124 sententia

27 2137 174 2194 ὥςπερ
202 2136 287 2195 γὰρ
316 2163 372 2172 -
398 2137 463 2189 εἰς
491 2135 710 2195 ἁγιασμόν
735 2137 781 2182 h.
808 2152 890 2184 m.:
939 2139 1088 2181 sistite
1118 2152 1257 2192 nunc,
1305 2139 1500 2195 inquam,

26 2195 219 2239 membra
241 2198 385 2238 vestra
403 2211 525 2240 serva
542 2195 805 2249 Honestati‚
835 2194 1197 2252 quemadmodum
1217 2211 1266 2238 ea
1287 2195 1391 2238 olim
1411 2194 1501 2238 Im-

26 2253 216 2312 pnritati
242 2252 289 2295 in
316 2253 574 2297 servitutem
601 2249 788 2294 dedistis
815 2256 878 2308 (V.
898 2254 1007 2308 19.).
1061 2251 1208 2308 Quum
1227 2253 1342 2295 enim
1357 2255 1500 2308 (nem-

27 2311 106 2371 pe)
129 2308 247 2353 servi
269 2310 431 2352 essetis
456 2309 657 2362 peccati,
696 2308 819 2352 libero:
837 2311 971 2352 eratis
988 2310 1222 2352 Honestate
1248 2309 1303 2364 (i.
1322 2324 1362 2353 e.
1384 2309 1501 2366 quod

84 2424 165 2479 tis)
182 2437 222 2466 v.
240 2423 315 2468 20.
343 2423 508 2479 (Recte
525 2425 663 2480 igitur
681 2423 751 2465 his
771 2436 813 2467 v.
832 2438 940 2466 usus
957 2437 1078 2466 sum:
1108 2423 1224 2466 οὕτω
1241 2425 1314 2465 νῦν
1331 2439 1437 2481 παρ.
1459 2439 1498 2466 τ.

24 2506 76 2545 μ.
107 2486 148 2533 ὑ.
179 2481 370 2532 δοῦλα
400 2493 460 2548 τῇ
491 2487 841 2550 Δικαμοσύνιη
864 2492 962 2546 -).
1020 2489 1147 2533 Hanc
1176 2504 1277 2533 esse
1303 2489 1398 2560 Ap.
1425 2504 1502 2533 vo-

31 2548 270 2601 luntatem,
306 2552 400 2590 tum
427 2549 567 2590 totius
600 2549 634 2591 1.
664 2548 804 2599 ratio,
849 2552 941 2590 tum
969 2546 1236 2591 constructio
1263 2544 1502 2602 ἐλευθεροι

30 2597 108 2657 ἦτε
136 2606 198 2661 τῇ
227 2606 294 2646 Δι
308 2620 396 2646 και
412 2604 577 2659 οσύνῃ
607 2605 660 2660 (ἱ.
682 2620 726 2661 q.
750 2602 826 2646 οὐκ
843 2599 920 2661 ἧτε
941 2605 1098 2647 δοῦλοι
1115 2605 1169 2659 τῇ
1189 2602 1501 2659 Δικαιοσύνῃϊ,

33 2674 144 2716 quae
167 2660 222 2702 ad
241 2675 281 2704 v.
302 2675 344 2706 v.
365 2663 431 2703 19.
457 2661 595 2703 δοῦλα
614 2661 668 2717 τῇ
685 2657 958 2719 Δικαιοσύνῃ
979 2661 1219 2718 composita
1239 2664 1334 2713 est,
1360 2659 1503 2704 docet.

34 2775 168 2828 θεροι
197 2774 271 2829 ἦτε
302 2774 355 2828 τῇ
384 2773 658 2831 Δικαιοσύνη
688 2775 750 2816 sic
772 2776 1016 2831 explicare:
1046 2774 1175 2817 liberi
1194 2775 1332 2816 eratis
1351 2773 1502 2816 Hone-

36 2830 140 2872 stati
164 2830 206 2874 h.
233 2846 271 2875 e.
292 2828 518 2874 Honestas
547 2834 680 2887 (quae
702 2846 891 2890 persona
921 2831 990 2875 hic
1009 2831 1249 2888 inducitur)
1268 2845 1344 2875 vos
1365 2830 1507 2874 homi³³

23 2365 86 2409 »ad
106 2365 392 2413 Honestatem
413 2368 572 2410 attinet
602 2366 634 2411 i.
662 2381 704 2422 q.
754 2364 1045 2409 Honestatem
1075 2365 1188 2409 nihil
1217 2367 1350 2424 plane
1374 2381 1501 2409 cura·
1530 2394 1536 2401 ι

1536 2382 1574 2408 ‘n

33 2716 160 2759 Licet
179 2722 223 2773 et
242 2732 321 2775 per
348 2718 471 2772 leges
489 2717 798 2772 grammaticas
811 2722 856 2760 et
873 2732 953 2774 per
973 2717 1232 2760 sententiam
1243 2730 1362 2760 voce.
1380 2716 1504 2760 ε’λεύ-
1560 2726 1578 2741 ·
