1752 3347
532 159 694 208 GAP.
724 158 787 205 V.
832 157 928 206 Va.
959 159 1057 205 11..
1439 154 1527 202 283

55 267 148 322 les,
177 267 254 324 qui
273 266 327 311 de
345 267 496 312 favore
516 266 630 323 div„
661 282 746 325 quo
764 270 961 326 tempore
982 265 1110 309 nobis
1130 265 1310 308 aeterna
1330 261 1528 307 felicitas

57 325 304 378 tribuetur,
334 325 503 369 Christi
526 325 737 368 beneficio
767 349 825 357 --
853 325 1152 376 exsultemus,
1190 320 1408 364 fortunati
1436 320 1526 363 eri-

56 395 173 425 mus.
238 381 385 425 Aliud
423 387 492 425 ost
531 383 645 424 enim
687 382 750 438 τῷ
788 383 885 436 θεῷ
913 378 1239 434 καταλλαγέντα
1276 377 1524 430 σώζεσθαι,

57 437 184 480 aliud
205 437 482 491 καυχώμενον
501 436 546 481 ἐν
570 441 634 493 τῷ
657 439 754 494 θεῷ
781 437 1022 489 σώζεσθαι.
1087 433 1211 480 Illud
1239 433 1294 478 de
1324 433 1527 477 omnibus

55 494 199 548 valet,
224 494 302 560 qui
323 494 422 537 Deo
442 494 715 540 reconciliati
735 495 1001 551 sempiterna
1032 493 1245 536 beatitate
1276 492 1530 550 potiantur3

53 549 137 592 hoc
157 549 212 592 de
233 550 292 591 iis
318 550 644 603 tantummodo,
673 549 835 605 quibus
863 565 912 592 se
939 565 964 592 a
986 550 1086 592 Deo
1113 547 1529 605 amaripersuasis-

55 607 214 649 simum
233 605 311 649 sit.
360 606 666 648 Nihilominus
690 606 869 648 illorum
887 607 1180 663 interpretum
1209 606 1429 647 sententia
1456 618 1529 646 re-

54 660 275 722 pudienda
295 665 366 704 est
383 677 516 705 unam
535 662 590 705 ob
607 676 716 706 rem.
773 662 892 704 Male
913 663 1028 705 enim
1056 662 1111 704 ad
1139 658 1190 705 οὗ
1216 660 1352 716 μόνον
1381 658 1432 702 δέ
1455 674 1528 702 co-

53 717 236 774 gitando
255 717 511 778 adjecerunt
538 716 984 774 καταλλαγέντες
1006 715 1317 775 σωθησόμεθα
1336 731 1360 759 e
1382 732 1424 761 v.
1438 717 1528 760 10..

55 773 188 819 Unde
223 776 368 818 solum
409 771 718 830 σωθησόμεθα
757 774 992 834 petendum
1029 790 1128 818 esse
1156 779 1275 817 recte
1302 771 1530 829 'cogitandi

52 831 177 887 leges
195 832 448 878 ostendunt.
506 830 638 876 Nihil
659 832 774 875 enim
791 833 887 890 Ap.
906 847 948 876 v.
970 832 1041 876 10.
1061 831 1407 888 argumentando
1433 830 1530 873 effi-

52 902 153 932 cere
174 894 384 945 conatur,
412 894 722 947 praeterquam
742 889 846 934 hoc:
881 885 952 931 ὅτι
981 885 1375 946 σωθησόμεθα
1405 886 1450 931 ἐν
1474 886 1530 945 τῇ

55 943 145 1002 §cof
161 961 200 989 τ.
221 948 325 1002 Χρ..
385 947 543 991 Cetera
562 961 605 992 v.
632 946 765 1006 hujus
795 945 1040 989 sententiae
1067 945 1397 1004 fundamentum
1423 947 1530 987 sunt

80 1005 100 1044 t
120 963 412 1061 ⁷1⁷³articipium
434 1003 778 1060 καταλλαγέντες
805 1004 860 1061 (i.
883 1017 928 1059 q.
950 1001 1051 1046 ἐπεὶ
1076 999 1428 1058 κατηλλάγημεν)
1456 1015 1530 1053 arf

52 1060 252 1115 gumenti
278 1060 427 1104 verbis
457 1058 498 1104 εἰ
526 1060 614 1117 γὰρ
641 1058 798 1117 ἐχθροὶ
825 1053 949 1109 ’ὄντες
976 1076 1016 1105 κ.
1037 1075 1079 1103 τ.
1108 1061 1157 1101 θ.
1182 1059 1220 1101 δ.
1240 1075 1279 1101 τ.
1297 1062 1347 1101 θ.
1365 1073 1404 1101 τ.
1423 1074 1461 1100 υ.
1484 1073 1527 1100 α.

51 1116 358 1174 comprehensi
377 1117 635 1160 memoriam
653 1117 832 1163 fortiter
853 1115 1145 1173 redintegrat.
1203 1115 1353 1158 Tanto
1383 1116 1529 1158 minus

55 1173 499 1230 καταλλαγέντες
526 1170 838 1230 σωθησόμεθα
862 1172 921 1216 ad
952 1170 1004 1216 οὗ
1031 1169 1166 1228 μόνον
1194 1171 1244 1215 δέ
1274 1177 1418 1214 mente
1450 1170 1529 1214 ad·-

46 1229 189 1290 jicere
209 1231 317 1273 licet
334 1230 410 1274 hoc
429 1245 493 1275 s.:
519 1245 607 1273 non
629 1231 770 1272 solum
789 1235 935 1274 autem
963 1230 1077 1273 velut
1101 1229 1313 1282 homines,
1339 1229 1412 1286 qui
1431 1229 1528 1271 Deo

52 1287 188 1330 simus
203 1287 493 1342 reconciliati,
519 1288 633 1330 salvi
654 1288 835 1332 erimus.
894 1286 1021 1342 Quae
1043 1301 1177 1344 quum
1202 1286 1266 1328 ita
1290 1285 1407 1339 sint,
1434 1289 1526 1327 tum

52 1343 279 1397 Ammon„
307 1344 468 1388 Rueck.
490 1344 551 1388 al.
579 1345 821 1398 falluntur,
853 1345 929 1401 qui
949 1340 1261 1400 σωθησόμεθα
1292 1339 1400 1384 ἀπὸ
1430 1342 1529 1396 τῆς

52 1397 231 1458 ὀργῆς
246 1415 270 1443 e
288 1414 330 1446 v,
349 1401 394 1444 9.
415 1400 472 1443 ad
492 1397 544 1444 οὐ
565 1400 701 1455 μόνον
729 1400 780 1444 δέ
804 1401 1009 1459 suppleri
1035 1401 1212 1452 volunt,
1243 1403 1337 1442 tum
1356 1397 1529 1450 Reich„

52 1457 131 1514 qui
151 1471 347 1499 mancam
365 1457 608 1499 orationem
630 1457 694 1499 sic
717 1458 888 1514 explet:
918 1453 971 1500 οὗ
997 1453 1134 1508 μόνον
1161 1456 1210 1498 δὲ
1240 1449 1531 1511 κατηλλά-

51 1518 228 1570 γημεν
249 1514 344 1556 καὶ
382 1510 777 1569 σωθησόμεθα
805 1537 887 1558 -—.
963 1511 1124 1569 Neque
1152 1512 1269 1554 enim
1292 1512 1389 1568 Ap.
1419 1525 1461 1555 v.
1482 1512 1526 1555 9.

50 1571 125 1616 10.
144 1569 273 1612 nobis
294 1569 373 1627 τὴν
390 1568 668 1625 καταλλαγήν
686 1568 903 1624 obtigisae
922 1567 1255 1621 demonstravit,
1286 1569 1366 1610 sed
1383 1566 1430 1610 ἑκ
1449 1568 1528 1624 τῆς

49 1625 348 1683 καταλλαγῆς,
377 1640 489 1682 quae
508 1625 636 1668 nobis
660 1630 817 1683 parata
848 1626 934 1678 sit,
964 1624 1047 1668 hoc
1078 1625 1314 1681 consequi,
1343 1630 1394 1668 ut
1422 1624 1527 1667 olim

52 1683 168 1726 salvi
195 1684 336 1726 simus
373 1680 730 1739 (σωθησόμεθα)
769 1681 979 1726 ostendit.
1048 1680 1120 1725 Ne
1147 1683 1302 1726 multa.
1360 1681 1416 1727 P.
1444 1681 1527 1723 hoc

51 1739 185 1785 dicit:
215 1739 266 1783 οὐ
287 1737 423 1793 μόνον
443 1739 492 1783 δὲ
511 1739 633 1795 (scil.
663 1735 1055 1796 σωθησόμεθα
1082 1754 1125 1784 v.
1148 1739 1256 1794 10.)‚
1286 1735 1401 1781 ἀλλὰ
1431 1738 1526 1781 καὶ

49 1797 173 1852 (scil.
203 1792 612 1854 σωθησόμεθα)
647 1794 1003 1849 καυχώμενοι
1041 1793 1086 1839 ἒν
1112 1797 1176 1851 τῷ
1204 1796 1301 1852 θεῷ’
1333 1813 1371 1839 κ.
1401 1810 1441 1838 τ.
1471 1795 1528 1838 λ..

49 1853 364 1910 Distinguitur
380 1850 610 1905 σώζεσθαι
627 1867 654 1894 a
682 1850 960 1906 καυχώμενον
990 1851 1035 1895 ἒν
1061 1853 1124 1909 τῷ
1152 1853 1250 1907 θεῷ
1280 1848 1527 1904 σώζεσθαι,

51 1925 238 1968 quorum
255 1911 338 1952 hoc
355 1910 435 1952 illo
452 1910 556 1967 plus
577 1913 662 1953 est.
718 1908 836 1951 Nam
868 1905 1058 1960 σώζεται
1085 1909 1335 1965 quicunque
1364 1908 1528 1966 sempi-

50 1973 205 2010 ternae
221 1967 451 2009 felicitatis
471 1979 647 2023 compos
668 1965 739 2018 fit,
771 1961 1050 2018 καυχώμενος
1070 1962 1114 2006 ἐν
1129 1966 1191 2020 τῷ
1209 1966 1306 2020 θεῷ
1335 1962 1527 2017 σώζεται

49 2021 353 2066 tantummodo
373 2023 437 2075 is,
463 2023 539 2078 qui
557 2023 638 2065 hac
657 2025 801 2064 mente
822 2021 1052 2078 praeditus
1080 2021 1395 2078 sempiternum
1421 2021 1526 2063 hea-

51 2084 152 2134 tur,
186 2083 238 2122 ut
263 2079 409 2122 Deum
432 2093 519 2121 non
551 2080 761 2131 invitum,
798 2083 849 2121 ut
881 2078 958 2136 qui
986 2078 1209 2121 hominum
1240 2093 1360 2121 more
1383 2078 1429 2120 in
1449 2092 1527 2120 eos

49 2137 237 2193 frigeat,
263 2135 424 2194 quihus
446 2141 622 2192 peccata
643 2135 982 2189 condonaverit,
1012 2135 1091 2178 sed
1119 2136 1361 2191 volentem,
1391 2149 1526 2192 quum

51 2194 252 2238 homines
270 2194 375 2235 olim
396 2193 564 2236 invisos
578 2193 672 2253 jam
691 2208 859 2236 summo
879 2207 1026 2235 amore
1046 2193 1354 2249 amplectatur,
1381 2197 1526 2235 aeter-

51 2264 155 2295 nam
179 2251 436 2294 felicitatem
464 2250 555 2296 sibi
582 2264 895 2295 concessurum
925 2264 1027 2295 esse
1048 2249 1256 2298 confidat.
1268 2250 1318 2308 *J
1373 2248 1525 2293 Parti-

69 2439 71 2441 ,
97 2400 138 2448 *)
164 2401 223 2436 De
239 2397 413 2436 sententia
427 2400 556 2436 confer
574 2399 599 2437 l.
615 2413 691 2436 non
717 2414 865 2448 prorsus
889 2400 1096 2437 dissimilem
1122 2399 1209 2435 Jud.
1229 2398 1304 2435 24..
1351 2400 1410 2434 De
1432 2404 1523 2434 stru-

149 2444 252 2482 etun-3
271 2447 449 2481 contende
466 2447 490 2480 2
507 2446 592 2482 Cor.
615 2447 648 2487 5,
668 2449 721 2484 12.
746 2448 789 2485 οὐ
807 2448 878 2497 γὰρ
897 2447 1007 2485 πάλιν
1036 2450 1175 2485 ἑαυτο
1187 2447 1206 2481 ὑ
1219 2460 1236 2488 ς
1260 2442 1524 2492 συνιστάνομεν

97 2533 102 2537 .
141 2502 251 2560 υἶμῖν,
277 2498 370 2538 ἀλλὰ
394 2502 484 2557 (scil.
503 2502 765 2551 συνιστάνομεν
789 2504 886 2552 ἡμᾶς
904 2506 1005 2554 ὑμῖν)
1038 2492 1246 2551 ἀφορμὴν
1300 2500 1523 2544 διδόντες

146 2552 256 2595 υμῖν
287 2561 522 2594 καυχηματος
546 2550 638 2600 ὑπὲρ
663 2551 763 2598 ἡμῶν
787 2573 852 2589 -.
887 2553 913 2588 i.
938 2568 969 2590 e.
995 2566 1070 2590 non
1096 2553 1194 2586 enim
1221 2563 1348 2593 rursus
1372 2556 1522 2585 nosmet

146 2598 246 2640 ipsos
273 2595 379 2633 vobis
409 2596 654 2642 venditamus,
692 2600 753 2634 sed
781 2599 965 2634 laudamus
991 2613 1056 2634 nos
1082 2598 1175 2644 apud
1194 2611 1278 2645 vos,
1299 2603 1342 2630 ut
1364 2603 1520 2632 mate-

145 2644 270 2678 riam
296 2642 422 2675 vobis
445 2645 492 2675 de
507 2646 610 2678 nobis
635 2647 825 2689 gloriandi
844 2649 1131 2688 suppeditemus.
1161 2645 1184 2680 i.
1206 2657 1242 2690 q.
1271 2656 1348 2679 non
1368 2649 1520 2691 propter

141 2701 211 2724 nos
231 2694 291 2722 aut
309 2687 406 2734 quod
426 2696 566 2723 nosmet
583 2689 650 2736 ipsi
668 2691 912 2735 admiremur,
942 2693 1003 2726 sed
1024 2698 1172 2737 propter
1189 2702 1265 2735 vos,
1292 2703 1338 2725 ne
1357 2690 1519 2726 vobisde

143 2736 317 2781 magistro
345 2734 522 2780 gloriandi
552 2736 700 2771 materia
734 2737 842 2778 desit,
881 2750 948 2772 nos
972 2738 1037 2783 ipsi
1063 2737 1248 2771 laudamus
1281 2736 1346 2782 (cf.
1377 2751 1412 2773 v.
1433 2737 1516 2779 11.)-

101 2807 104 2818 ;
144 2781 207 2817 Sic
220 2781 318 2816 hune
334 2779 358 2814 l.
378 2780 623 2826 explicandum
642 2795 715 2818 esse
735 2796 846 2829 quum
864 2795 904 2818 ex
924 2796 1011 2820 voce
1031 2780 1184 2825 ἑαυτούς
1208 2796 1284 2819 non
1311 2785 1388 2818 sine
1413 2780 1519 2818 causa}

147 2838 254 2874 verbo
272 2835 534 2885 συνιστάνομεν
556 2837 778 2889 praeposita,
802 2847 879 2878 tum
896 2854 914 2877 e
935 2843 1055 2885 verbis
1072 2826 1282 2888 ἀφορμὴν
1300 2838 1434 2880 διδόν
1446 2853 1491 2877 τε
1504 2854 1521 2883 ς
