1752 3347
486 114 645 160 CAP.
680 114 762 159 Vl.
807 115 897 158 Vs,
931 116 998 160 15.
1022 116 1108 160 16..
1429 115 1515 158 411

43 227 119 280 sit,
141 224 228 268 sihi
248 225 338 280 ipse
359 221 521 283 objecit
538 225 660 278 (nam
680 235 734 264 ex
754 222 956 271 aliorum,
980 221 1128 264 nescio
1151 233 1351 278 quorum,
1373 226 1518 266 mente

43 298 83 328 v.
114 281 159 324 τί
186 275 285 333 οὗνς
324 277 648 337 ἁμαρτήσωμεν
668 304 723 310 -
745 275 900 332 χάους
952 277 1136 321 Paulum
1165 279 1315 335 eloqui
1352 282 1517 323 temere

44 339 259 389 sumitur3
307 351 346 381 V.
375 336 533 380 Rueck.
564 340 609 378 et
637 335 788 380 Resch.
846 368 857 389 ,
885 336 1035 391 494.),
1089 339 1138 377 ut
1165 349 1216 377 ea
1258 336 1518 382 infirmaret.

42 394 137 438 Ubi
163 392 369 446 eandem,
407 407 536 449 quam
567 407 727 449 supra,
765 407 895 448 quum
926 393 1034 435 hanc
1055 392 1318 434 sententiam
1341 395 1518 436 refelle-

42 454 134 495 ret:
179 451 443 506 peccandum
471 464 562 492 esse
588 449 826 491 hominibus
855 449 1025 502 christ„
1063 464 1143 505 qno
1162 450 1299 503 mageis
1317 451 1404 492 Dei
1419 465 1520 505 pec-

42 512 144 552 cata
186 507 405 562 {quest-ens
444 505 732 548 clementia
772 505 1036 558 eniteret,
1082 506 1244 547 inierat
1269 519 1309 550 ν.
1332 509 1372 551 l.
1401 521 1520 563 sqq„

42 565 156 608 viam
187 563 414 619 ingressus
437 564 522 603 est.
595 559 743 601 Docet
768 560 908 614 enim,
946 561 1156 603 hominem
1183 561 1330 608 christ.
1360 577 1519 606 exuere

43 622 120 680 qui
145 618 351 679 peccandi
367 616 591 660 licentiam
616 615 702 658 sibi
725 621 884 661 sumat.
950 617 1065 660 Nam
1096 619 1326 674 quoniam,
1365 620 1404 662 si
1434 634 1522 661 mo-

39 693 138 722 rum
166 677 382 719 rationem
414 673 645 727 habueriS‚
683 678 759 716 aut
781 672 967 716 Peccato
996 679 1072 717 aut
1092 674 1331 718 Honestati
1351 676 1522 719 servire

44 739 88 778 te
109 736 311 791 oporteat
330 748 371 776 v.
397 732 491 785 16.,
529 729 718 772 Romani
749 736 893 772 autem
912 745 963 773 eo
989 731 1106 788 quod
1125 731 1181 773 ad
1201 732 1372 775 Christi
1397 747 1523 775 sacra

43 806 92 834 se
110 788 410 833 converterint
431 786 608 830 deserto
629 787 815 829 Peccato
837 788 943 829 hero
963 787 1204 831 Honestati
1224 805 1272 831 se
1292 791 1524 832 ministros

40 846 331 906 praebuerint
355 860 396 889 v.
418 847 487 889 17.
509 844 603 899 18.,
641 844 741 886 hinc
767 859 1005 902 apparere,
1076 845 1116 887 ie
1134 846 1347 890 Romanis
1376 848 1526 891 viven-

44 905 148 947 dum
178 919 276 946 esse
303 908 347 945 et
367 901 565 960 improbe
591 905 690 944 vota
714 917 845 959 quum
862 902 989 944 fieret
1009 860 1293 946 Christianus
1313 909 1526 962 concepta

43 976 131 1004 non
160 959 406 1003 dissolvere
432 959 508 1016 qui
526 959 809 1002 Christianus
833 959 978 1001 factus
1007 960 1176 1002 nefarie
1207 975 1341 1017 agere
1367 965 1527 1019 pergat

44 1033 87 1062 v.
109 1019 180 1062 19.
201 1017 274 1061 20.
341 1017 442 1072 Quo
469 1017 585 1059 facto
611 1016 1033 1072 argumentationem
1064 1017 1236 1060 ratione
1264 1018 1316 1061 ab
1338 1019 1436 1061 utili
1455 1033 1526 1060 re-

42 1074 186 1134 petita
224 1073 591 1116 corroboraturus
622 1074 716 1132 Ap.
753 1073 1024 1130 impietatem
1057 1080 1241 1118 mortem
1255 1107 1267 1128 ‚
1316 1075 1526 1133 pietatem

45 1132 177 1175 vitam
197 1131 509 1189 sempiternam
532 1128 693 1173 afferre
713 1134 860 1173 monet
879 1146 918 1174 v.
938 1131 1159 1176 21.-23.
1219 1130 1439 1175 Permulti
1460 1132 1527 1174 in-

44 1192 264 1246 terpretes
293 1189 468 1245 planam
498 1185 552 1230 P.
581 1187 924 1245 disputationem
945 1202 1030 1229 non
1050 1193 1393 1247 perspexerunt.
1450 1187 1527 1231 Sic

45 1244 139 1290 PP.
159 1247 309 1301 graeci
329 1259 369 1288 v.
392 1246 460 1286 16.
491 1258 575 1286 non
598 1245 822 1287 intellecto
850 1247 913 1302 (v.
933 1247 1091 1302 supra)
1112 1246 1384 1304 Apostolum
1406 1246 1529 1302 posi-

46 1307 135 1346 tam
164 1317 205 1347 ν.
228 1301 299 1347 15.
330 1300 622 1359 objectionem
648 1316 751 1344 voce
777 1300 835 1356 μή
870 1300 1042 1357 γένοιτο
1070 1303 1368 1345 abominatum
1397 1303 1528 1345 facile

0 1408 1 1411 Ἴ
47 1363 227 1418 peccata
243 1374 268 1401 a
288 1349 416 1401 nobis
434 1357 645 1410 devitari,
677 1359 779 1417 quia
801 1358 988 1402 Peccato
1001 1392 1013 1412 ,
1043 1360 1201 1402 mortis
1221 1359 1530 1413 machinaturi,

0 1434 2 1436 ’
47 1432 97 1459 se
117 1416 296 1459 tradere
316 1421 447 1472 turpe
469 1414 529 1457 sit
549 1417 781 1457 ostendere
803 1415 1041 1473 opinantur
1070 1418 1132 1471 (v.
1152 1417 1299 1470 Chrys.
1326 1420 1371 1458 et
1394 1416 1531 1459 Theo-

0 1481 4 1504 2*
45 1474 202 1530 ρῇμλ).
269 1471 360 1516 Sed
386 1471 647 1527 longissime
675 1478 766 1513 tum
788 1487 813 1514 a
847 1472 954 1513 sana
981 1478 1123 1515 mente
1145 1479 1236 1515 tum
1261 1488 1285 1515 a
1305 1471 1358 1516 P.
1380 1474 1531 1516 verbis

0 1538 2 1572 ἱ
50 1530 267 1573 ΤΙιοΖιια-ἱὶ
286 1528 340 1571 de
358 1528 451 1587 Ap.
474 1527 776 1585 disputatione
796 1528 945 1586 opinio
965 1529 1147 1583 recedit,
1179 1545 1309 1586 quam
1329 1529 1531 1573 Reichius

0 1580 5 1632 ἶ
47 1585 89 1640 Ι,
108 1587 212 1631 494.
241 1586 353 1628 satis
372 1584 615 1640 redarguit.
684 1580 1014 1643 ἁμαρτήσωμεν]
1042 1587 1367 1640 peccabimusne
1385 1585 1472 1630 —22
1499 1589 1506 1641 Ι

45 1639 386 1700 ἁμαρτήσωμεν
406 1644 708 1699 [peccemusne
730 1638 819 1685 -—?
858 1644 881 1683 1
904 1642 1007 1685 Cor.
1032 1644 1100 1697 11,
1120 1643 1212 1698 22.]
1234 1644 1297 1687 A.
1318 1643 1369 1687 C.
1389 1643 1452 1688 D.
1474 1643 1529 1688 E.

5 1705 7 1733 ῑ
47 1700 121 1744 36.
139 1701 212 1744 37.
232 1700 306 1743 46.
336 1703 352 1755 (
390 1699 435 1740 ui
463 1713 502 1742 v,
525 1701 566 1742 1.
602 1696 877 1751 ἐπιμένωμεν
905 1698 1151 1753 continent)
1177 1700 1345 1756 aliique
1368 1714 1531 1758 suppe-

8 1806 9 1809 ,
47 1756 208 1800 ditant.
291 1714 433 1798 Deidit
464 1750 789 1809 ἁμαρτήσωμεν
820 1753 970 1797 Grotio
1010 1759 1056 1796 et
1089 1755 1257 1799 Griesb.
1299 1756 1531 1812 probatum

49 1813 250 1857 Lachm..
307 1809 554 1855 citeriores
567 1809 765 1852 Graecos
785 1824 867 1866 pro
889 1804 1099 1863 ἁμαρτεῖν
1121 1826 1362 1868 usurpasse
1382 1809 1533 1872 ἆμαρ-

47 1869 183 1926 τῆσαι
198 1867 465 1909 tralatitium
484 1868 579 1916 est3
607 1879 648 1907 v·
669 1865 848 1907 Lobeclc.
869 1864 924 1906 ad
945 1863 1113 1922 Phryn.
1134 1882 1176 1924 p.
1198 1869 1299 1911 732.
1339 1868 1469 1914 Rom.
1487 1871 1531 1925 5,

50 1926 125 1970 14.
159 1925 231 1968 16.
267 1922 420 1966 LXX.
444 1924 469 1964 l
488 1920 601 1976 Reg.
623 1922 701 1973 19,
728 1921 773 1965 4.
811 1921 941 1963 Reme.
963 1922 1137 1967 Anecd.
1159 1939 1204 1981 p.
1226 1925 1326 1978 193,
1344 1926 1388 1970 8.
1450 1928 1530 1982 [G.

49 1976 390 2039 ἡμαρτήσαμεν,
422 1977 538 2035 quod
558 1977 732 2034 peperit
751 1979 1004 2034 corruptela
1029 1981 1302 2037 peccavimus
1322 1982 1351 2025 i.
1364 1997 1404 2028 e.
1426 1998 1533 2041 pec-

48 2039 269 2089 cabimu53
297 2051 339 2081 V.
364 2037 517 2079 Germ.
537 2033 596 2061 ΜΕ
616 2035 747 2078 Harl.
768 2034 969 2089 Boern.].

163 2093 226 2138 V.
252 2095 322 2137 16.
361 2091 724 2150 Disputationis‚
764 2091 847 2148 qua
875 2091 1162 2151 objectionem
1184 2109 1225 2138 v.
1248 2094 1317 2139 15.
1336 2095 1532 2141 detesta-

51 2151 186 2194 bilem
207 2165 307 2193 esse
326 2149 621 2202 demonstret,
659 2151 753 2207 Ap.
774 2148 853 2191 hac
871 2151 1113 2192 universali
1132 2153 1351 2195 sententia
1375 2155 1533 2198 funda-

15 2229 19 2237 .
54 2213 201 2252 menta
221 2206 356 2268 jacit:
376 2207 447 2249 cui
466 2220 544 2249 vos
566 2221 718 2248 servos
737 2205 911 2248 sistatis
932 2211 980 2249 ut
1003 2208 1043 2250 ei
1062 2207 1383 2265 obsequamini,
1413 2214 1534 2256 servi

53 2266 164 2308 estis
185 2279 282 2323 ejus
300 2265 372 2307 cui
393 2263 713 2320 obsequimini,
743 2268 819 2305 aut
840 2261 1032 2317 Peccati,
1063 2270 1139 2307 ant
1157 2264 1364 2312 Pietatis.
1409 2269 1533 2313 Haec

54 2323 102 2365 in
124 2323 286 2377 vulgus
318 2327 422 2364 nota
452 2335 525 2362 res
560 2317 661 2375 (οἰνκ
683 2316 831 2362 οἴδατε
852 2336 929 2373 —3
965 2335 1006 2364 v.
1030 2335 1070 2365 V.
1091 2323 1173 2377 3.).
1232 2323 1321 2366 Hic
1347 2324 1432 2368 duo
1455 2327 1532 2369 oh-

56 2378 288 2423 servanda.
353 2378 577 2422 Nimirum
610 2376 660 2421 P.
685 2377 795 2418 hanc
824 2379 1073 2432 generalem
1095 2381 1358 2424 sententiam
1378 2382 1433 2425 ad
1454 2384 1532 2426 ho-

56 2437 220 2479 minum
238 2450 377 2478 mores
395 2435 558 2487 refert,
588 2448 772 2491 quorum
795 2436 833 2477 si
852 2435 1067 2477 rationem
1091 2437 1299 2481 habueris
1321 2446 1398 2483 aut
1421 2439 1532 2483 Pec-

20 2515 23 2519 ·
56 2499 154 2536 cato
175 2498 252 2536 aut
271 2491 437 2535 Pietati
456 2490 726 2533 obsecundes
747 2496 904 2547 atque,
933 2497 983 2534 ut
1001 2492 1133 2535 aliter
1156 2493 1313 2549 dicam,
1343 2503 1419 2540 aut
1441 2498 1531 2541 Dei

57 2555 140 2593 aut*
166 2549 359 2591 Satanae
398 2548 649 2590 ministrum
681 2563 789 2604 agas
817 2563 995 2591 necesse
1024 2556 1108 2593 est.
1183 2549 1348 2595 Procul
1373 2569 1398 2596 a
1425 2570 1531 2597 vero

57 2605 289 2659 aberrant,
326 2605 403 2662 qui
431 2605 695 2648 sententiam
723 2620 746 2647 e
774 2604 861 2648 vita
893 2607 1111 2648 communi
1138 2606 1409 2665 depromtam
1438 2612 1531 2667 (cui

59 2668 103 2705 te
121 2677 295 2705 servum
315 2661 597 2720 praebueris,
625 2662 670 2704 in
698 2661 798 2722 ejus
815 2676 862 2704 es
884 2666 1128 2721 potestate:
1158 2666 1236 2708 οὐκ
1255 2663 1427 2718 οἴδατε,
1460 2665 1531 2710 ὅτι

60 2745 117 2753 --
135 2711 169 2776 ᾧ
191 2716 459 2776 ὑπακούετε)
475 2717 624 2762 verbis
646 2711 745 2774 ἤτοι
757 2714 854 2772 ‘Apa
874 2734 908 2761 ε.
928 2723 979 2763 θ.
1005 2715 1045 2776 ἢ.
1060 2719 1126 2767 Ὑ.
1149 2737 1180 2763 ε.
1201 2724 1264 2776 δ.,·
1293 2726 1365 2767 vel
1384 2739 1526 2766 exem.

62 2776 137 2834 plo
155 2774 212 2820 ad
235 2780 512 2834 praesentem
534 2789 708 2820 causam
728 2775 1049 2821 accommodato
1071 2778 1294 2824 illustrari
1320 2780 1530 2838 (Ram),
