1752 3347
513 196 671 242 GAP.
705 196 779 242 n.
826 195 917 240 Vs.
948 195 1044 241 12..
1430 194 1511 235 111

45 307 129 367 γὰρ
146 304 478 362 τούςἝλληνας
504 304 720 359 ἀνόμως
748 302 948 355 ζῶντας
973 301 1046 343 καὶ
1075 295 1308 357 σποράδην
1334 296 1513 343 οἱνοῦνο

45 380 125 415 τας
150 388 206 396 —-
237 388 291 394 —
322 364 398 405 καί
432 360 599 404 τούτων
637 361 724 402 τῶν
756 358 898 401 κακῶν
929 354 1090 408 αὐτοὺς
1118 352 1346 411 ἀπήλλαξε
1376 380 1430 388 --
1459 382 1513 389 -

45 416 201 478 πρώτη
239 418 322 476 γὰρ
358 419 454 460 καὶ
484 416 694 472 νόμους
729 414 901 460 ἔθετο
936 416 1012 457 καί
1037 409 1268 457 πολιτείαν
1296 411 1513 470 κατεστή-

46 478 194 531 σατο.)
212 480 258 519 et
281 474 480 546 quidem,
513 489 643 531 quum
665 472 805 516 Paulo
827 471 961 526 νόμος
979 471 1039 514 sit
1058 471 1133 514 Iex
1153 469 1238 512 div.
1260 483 1339 524 per
1354 468 1428 511 Mc
1445 485 1514 512 een

45 535 139 576 lata
159 528 258 575 κατ’
280 530 454 587 εξοχήν,
497 532 697 587 sineleye
726 530 934 573 mosaica.
999 527 1096 584 (Sic
1127 529 1153 570 1
1181 525 1285 570 Cor.
1315 526 1441 579 9593,
1470 523 1515 569 οἶ

46 583 206 643 ἄνομοι
225 587 430 632 dicuntur
450 587 639 629 homines
657 602 685 629 a
716 587 804 641 leye
833 599 937 628 mos.
965 585 1096 628 alieni
1120 584 1152 628 i.
1182 597 1222 627 e.
1253 578 1297 626 οἱ
1325 581 1419 626 §em
1430 582 1513 625 1:013.

46 645 189 689 Multo
216 643 494 700 frequentius
530 637 692 695 ἷίνομος
719 645 898 684 vocatur
926 642 997 697 qui
1024 642 1088 684 ita
1114 641 1213 684 vivit
1244 643 1453 697 tanquam
1477 639 1517 682 .ςί

43 702 188 745 nullae
205 701 315 756 leyes
334 699 533 742 conditae
551 699 662 751 sint,
720 698 762 739 ui
783 699 894 753 leyes
910 712 995 739 non
1015 702 1162 750 curat,
1202 697 1322 739 homo
1345 695 1516 754 facino-

44 772 166 801 rosus
187 760 232 798 et
255 752 429 809 ἀνόμως
454 759 523 796 est
548 755 685 809 impro
715 755 775 807 e.)
832 752 1126 808 Quamobrem
1154 752 1385 796 verborum
1416 749 1518 795 ὅσοι

43 809 218 865 ἀνόμως
238 808 431 868 ἥμαρτον
449 813 689 868 (quotquot
706 809 820 864 legis
844 824 954 852 mos.
973 810 1115 864 ignari
1136 810 1396 868 peccarunt)
1409 809 1517 851 haeo

42 870 263 912 sententia
303 871 394 911 est:
445 872 649 925 quotquot
683 881 706 909 e
745 879 1013 921 paycmorum
1050 880 1225 909 numero
1265 870 1517 921 peccarunt.

43 924 216 968 Vocula
233 922 308 966 καί
325 924 458 967 etiam
476 923 784 966 necessitatem
804 920 985 975 indicat,
1007 922 1093 979 qua
1111 921 1161 964 τὸ
1182 918 1356 974 ἀνόμως
1373 917 1519 965 ἀπόλ-

44 981 212 1025 λυσθαι
234 996 289 1024 ex
308 981 370 1039 τῷ
392 977 566 1035 ἀνόμως
590 975 798 1037 ἁμαρτεῖν
826 983 1135 1036 consequatur.
1193 978 1310 1021 Vide
1342 983 1434 1023 not.
1461 977 1519 1021 ad

45 1040 87 1091 l,
98 1038 190 1083 24..
259 1036 435 1091 ἀνόμως
470 1034 762 1092 ἀπολοῦνται]
801 1035 924 1079 Haec
963 1050 1005 1080 v.
1048 1035 1221 1089 Chrys„
1268 1035 1519 1090 Tleeophyl„

47 1094 220 1139 oecum.
241 1095 301 1138 al.
316 1127 328 1148 ,
357 1108 497 1152 nuper
517 1093 745 1137 Rueclwrt.
766 1094 827 1136 sic
850 1097 1175 1151 exposuerunt:
1212 1106 1295 1134 non
1311 1105 1392 1147 pro
1413 1092 1519 1147 qua’s

44 1166 151 1195 mos.
169 1151 397 1195 severitate
413 1150 513 1207 (sed
530 1150 701 1203 mitius)
716 1149 980 1205 plectentur,
1010 1150 1172 1207 quippe
1194 1163 1304 1205 quos
1323 1163 1410 1191 non
1421 1148 1519 1190 Μο-

43 1222 117 1250 ses
140 1211 368 1250 aecusator
387 1212 562 1265 carpat,
590 1211 639 1249 ut
661 1205 855 1251 Judaeos
886 1206 989 1251 Joh.
1008 1207 1151 1261 5‚45..
1208 1205 1343 1249 Male.
1400 1204 1518 1248 Nam

44 1264 194 1307 obstat
213 1264 267 1308 iis
290 1279 330 1310 v.
359 1261 673 1313 ἀπόλλυσθαι,
720 1262 773 1306 de
804 1263 862 1305 iis
890 1263 995 1321 poni
1026 1265 1230 1317 solitum,
1271 1262 1348 1320 qui
1373 1276 1400 1303 a
1428 1262 1519 1304 vita

42 1326 220 1367 aeterna
244 1321 414 1363 exclusi
433 1321 477 1362 iu
508 1324 675 1363 tartara
706 1319 998 1380 conjiciantur
1027 1321 1152 1377 (Joh.
1174 1319 1297 1373 3,15.
1320 1320 1389 1363 16.
1411 1320 1518 1374 al.):

42 1378 244 1421 officiunt
283 1381 535 1420 nostrorum
572 1377 836 1434 scriptorum
881 1378 1148 1431 sententiae,
1202 1378 1279 1433 qui
1317 1375 1520 1418 mitiores

31 1450 238 1491 ‘geennae
268 1435 502 1477 tormentis
533 1449 697 1492 poenas
728 1434 932 1490 ignorant
960 1438 1005 1476 et
1033 1433 1211 1477 nonnisi
1241 1432 1353 1475 duas
1379 1432 1520 1475 homi-

44 1507 146 1534 num
183 1493 351 1534 classes
391 1491 684 1545 constituunt,
734 1505 863 1532 unam
902 1490 1076 1548 piorum
1114 1490 1222 1548 (τῶν
1261 1487 1521 1543 σωζομένων

44 1550 70 1591 l
92 1547 194 1592 Cor.
217 1550 258 1599 1,
272 1548 387 1601 18.),
422 1547 498 1604 qui
515 1548 561 1589 in
580 1547 711 1588 vitam
730 1551 953 1607 aeternam
974 1546 1213 1604 aliquando
1232 1547 1522 1604 recipiantur,

43 1605 229 1647 alteram
249 1603 547 1661 improborum
568 1604 676 1660 (τῶν
696 1599 1048 1659 ἀπολλυμένων),
1078 1619 1189 1661 quos
1210 1617 1401 1659 geennae
1421 1617 1521 1645 cru-

41 1661 184 1704 ciatus
206 1665 411 1703 maneant
441 1658 603 1704 Matth.
623 1658 778 1713 25‚32.
809 1674 902 1716 sq.:
941 1659 1128 1717 denique
1157 1661 1286 1703 obest
1316 1663 1522 1702 contexta

41 1718 201 1762 oratio.
260 1717 385 1761 Satis
406 1717 520 1760 enim
551 1717 786 1774 perspicue
808 1715 863 1759 P.
895 1721 941 1759 et
967 1716 1348 1775 omnibusprobis
1379 1716 1521 1758 homi-

42 1775 172 1818 nibus
193 1776 306 1818 vitae
326 1779 529 1818 aeternae
549 1773 809 1831 felicitatem
825 1775 888 1830 (v.
908 1775 952 1818 7.
977 1776 1070 1830 10.)
1089 1774 1318 1833 pollicitus
1342 1778 1437 1828 est,
1476 1778 1521 1816 et

41 1831 257 1889 improbis
279 1831 308 1876 J
310 1831 464 1875 ud‘aeis
485 1834 618 1887 atque
634 1830 876 1885 gentilibus
894 1845 1081 1887 qeennac
1098 1835 1316 1875 tormenta
1342 1831 1521 1873 commi-

42 1893 172 1932 natus
188 1891 257 1945 (v,
274 1889 318 1933 8.
339 1890 420 1944 9.).
481 1887 602 1944 Quin
623 1888 704 1929 hoc
728 1886 857 1931 dicit:
887 1892 1089 1945 quotquot
1115 1889 1218 1945 Icyis
1244 1902 1351 1932 mos,
1377 1888 1524 1943 iynari

37 1950 271 2001 peccarunt
292 1960 373 1988 non
393 1946 445 1988 de
464 1945 568 2001 Ieyis
588 1945 758 1987 etiam
781 1959 886 1991 mos.
907 1946 1121 1987 sententia
1153 1943 1293 2002 (quod
1319 1943 1520 2000 iniquum

40 2002 179 2058 foret)
200 2002 402 2045 miseram
424 2003 471 2044 ’ἱιι
490 1999 917 2099 ΐανίανίεζονΐῑιηαιη
944 2000 1144 2044 subibunt
1172 2001 1273 2058 (sed
1300 2015 1355 2044 ex
1385 2001 1520 2048 ratio-

41 2059 136 2112 nis,
165 2059 343 2116 opinor,
373 2058 587 2101 divinitus
605 2058 662 2100 iis
712 2062 810 2099 atae
841 2058 1032 2100 somnum
1061 2058 1118 2102 ef.
1149 2073 1190 2102 v.
1225 2059 1335 2113 14.).
1392 2056 1522 2100 Hanc

0 2135 1 2138 ¹
42 2115 450 2173 interpretationem
480 2129 627 2158 veram
655 2129 754 2157 esse
785 2115 973 2156 alterum
1002 2129 1068 2158 vs,
1099 2114 1341 2157 membrum
1370 2112 1521 2160 docet:

43 2173 116 2214 καὶ
135 2169 234 2215 ὅσοι
256 2171 300 2214 ἐν
317 2169 437 2229 νόμῳ
458 2169 655 2228 ἥμαρτον
677 2172 768 2213 διὰ
788 2171 960 2225 νόμου
980 2169 1290 2229 κριθήσονται.
1331 2170 1403 2214 Ne
1418 2171 1519 2228 quis

0 2258 3 2286 s
43 2231 188 2270 autem
210 2229 320 2271 hunc
348 2244 389 2274 v.
412 2229 611 2271 ordinem
630 2229 833 2285 requirat
861 2229 954 2270 καὶ
981 2223 1116 2281 ἀνόμ
1131 2243 1198 2278 ως
1225 2226 1518 2280 ἀπολοῦνται,

43 2283 276 2327 tenendum
296 2291 389 2339 est,
418 2301 460 2330 v.
483 2282 658 2337 ἀνόμως
678 2286 752 2327 καὶ
770 2283 1044 2327 ἀπολοῦνται
1063 2284 1124 2327 ita
1151 2299 1280 2326 unam
1298 2285 1519 2327 notionem

44 2339 244 2395 efficere,
277 2342 388 2384 utin
408 2342 465 2384 iis
515 2341 822 2384 renuntiandis
850 2340 1028 2384 verbum
1057 2337 1332 2383 ἀπολοῦνται
1363 2355 1519 2384 acuen-

44 2395 146 2438 dum
167 2397 241 2440 sit.
300 2397 465 2442 Contra
482 2358 597 2441 ῗιειθο
627 2398 876 2453 enarratio:
913 2402 1111 2455 quotquot
1127 2396 1231 2450 Ieyz‘s
1254 2411 1356 2442 mos·
1376 2399 1520 2454 {ymeri

40 2457 309 2510 peccarunt,-
328 2455 420 2497 sz'ne
436 2456 524 2511 Ieye
543 2470 648 2500 mos.
681 2458 814 2499 etiam
842 2454 910 2511 (h.
935 2469 973 2497 e.
1005 2453 1203 2509 quamvis
1233 2454 1375 2509 legem
1407 2469 1518 2499 mos,

42 2509 272 2565 ignorent,
298 2513 462 2567 tamen)
479 2513 670 2573 miseri
701 2516 864 2555 erunt
881 2511 912 2554 i.
934 2525 973 2554 e.
996 2513 1044 2551 ut
1065 2524 1191 2566 quum
1209 2512 1401 2565 peccaris
1415 2526 1519 2568 qra-
1560 2545 1569 2552 r

44 2566 214 2609 vis-sime
231 2567 443 2621 puniaris,
471 2582 555 2610 non
574 2582 679 2623 opus
700 2569 780 2611 tihi
799 2572 864 2610 est
885 2567 988 2622 Iegis
1010 2579 1113 2610 mos.
1136 2567 1307 2620 notitia,
1356 2570 1514 2612 nando-

41 2622 208 2679 quidem
227 2627 424 2687 quotquot
442 2622 538 2678 ejus
557 2625 661 2680 leye's
680 2625 821 2679 tynam·
837 2623 1057 2678 peccarint
1075 2626 1117 2664 et
1138 2623 1220 2678 ipsi
1236 2582 1418 2667 sine‘lnic
1429 2626 1518 2681 Ieye

43 2679 193 2721 miseri
210 2679 352 2735 futuri
370 2683 524 2721 suntet
545 2684 742 2722 contorta
763 2684 830 2721 est
847 2679 932 2734 (sic
951 2678 1066 2721 enim
1077 2677 1299 2723 P.melius
1310 2681 1516 2739 scripsis-

45 2739 114 2776 set
142 2735 235 2777 καὶ
262 2730 463 2787 ἄνομοι
491 2735 783 2790 ἀπολοῦνται)
800 2750 941 2791 neque
962 2750 1058 2777 eum
1081 2736 1221 2778 altero
1243 2752 1308 2782 vs.
1324 2739 1517 2780 membro

44 2791 270 2834 conciliari
288 2796 449 2849 potest.
474 2788 1019 2835 Ἀπολοῦνταιῦοᾱιοεῖῖιιε
1030 2791 1146 2850 apud
1167 2793 1517 2852 Wolfiuminepte

44 2847 236 2905 explicat
261 2849 307 2891 in
333 2849 512 2891 nihilum
544 2848 805 2904 rediyentm:
874 2847 1148 2907 sempiterna
1184 2851 1299 2894 enim
1325 2852 1410 2895 erit
1438 2853 1514 2895 hu-
