1752 3347
407 183 567 231 CAP.
600 185 694 230 lv.
736 185 830 231 Vs,
862 184 944 232 14.
975 188 1027 229 et
1056 183 1153 231 15..
1423 184 1511 227 233

39 294 153 334 'nam
181 291 219 333 si
246 291 432 334 homines
459 294 594 349 quem
617 307 718 336 mos.
750 293 943 347 cnnpleoei
967 293 1114 336 mzaendi
1141 291 1301 334 domini
1322 291 1376 347 (i.
1405 306 1445 336 e.
1476 290 1513 334 ii

51 348 127 445 (gii
160 349 448 407 regnilmess.
479 351 693 392 felicitat-e
728 351 978 407 potiantur)
1003 354 1103 391 sunt
1136 349 1233 405 [qui
1253 350 1292 391 si
1311 350 1386 391 Iex
1404 362 1513 391 mos.

51 441 70 446 -
103 405 308 447 brahamo
367 407 550 464 ejusque
596 408 791 463 posteris
838 406 926 448 Dei
975 407 1243 464 promissum
1286 405 1514 463 paraverit:

49 474 93 504 v.
118 462 185 504 13.
217 463 463 505 certissime
493 466 614 519 sunt]
645 465 784 505 inanis
810 464 978 506 reddita
1005 468 1068 505 cst
1101 465 1225 519 [ergo
1254 463 1398 504 inanis
1428 466 1514 514 est,

52 514 153 572 κενή
177 516 293 559 ἐστιν
324 534 362 562 v.
393 520 499 562 Win.
521 535 587 573 gr.
620 535 662 576 p.
683 521 803 575 222]
829 518 938 572 fides
963 525 1006 562 et
1036 521 1198 562 abolita
1229 525 1291 561 es!
1312 520 1397 562 1)οἱ
1413 532 1515 574 pro—

40 574 212 616 'miss-io.
271 572 403 616 Prior
422 576 639 616 sententia
662 575 918 629 (κεκένωται
938 573 963 632 ἡ
986 574 1157 631 πίστις)
1184 577 1419 633 perspicua
1442 578 1515 617 est

49 629 171 728 {gnam
200 628 240 669 si
269 631 383 685 quod
404 633 468 673 A.
489 631 663 672 efficere
693 630 936 672 credideris
963 631 1008 672 id
1039 646 1140 674 vere
1161 634 1323 674 efficiat
1340 632 1419 683 B.,
1447 631 1518 672 ni·-

83 685 133 727 ili
163 699 262 726 esse
281 687 344 730 A.
373 688 444 730 vel
471 686 598 729 homo
626 686 781 728 tardus
813 689 1092 743 assequitur,
1129 703 1171 732 v.
1196 690 1299 733 Gal.
1327 689 1374 742 3,
1397 687 1515 742 18.);

51 740 166 783 unde
186 743 310 784 nullo
332 759 425 786 eam
452 744 710 798 argumento
737 742 785 787 Ρ.
809 745 971 795 munit3
1007 746 1233 801 posterior
1257 747 1314 801 (κ.
1344 741 1517 800 κατήρ-

49 801 180 854 ’γηται
210 793 346 854 ipsa.)
377 815 461 843 non
486 801 591 842 item
618 801 749 858 plana
783 804 854 841 est
882 802 1056 857 (plures
1085 802 1198 843 enini
1227 801 1334 856 fingi
1355 813 1518 843 causae

49 859 264 912 possunt,
293 857 348 898 ob
368 872 477 915 quas
498 858 578 900 hoc
598 861 727 915 pacto
746 857 837 899 Dei
856 858 1123 915 promissum
1149 858 1205 899 ad
1235 859 1415 900 irritum
1442 871 1516 899 ce-

48 911 252 965 ciderit);
283 927 418 969 quare
435 929 528 957 eam
549 915 643 972 Ap.
664 929 705 958 V.
725 928 764 958 v.
790 914 860 958 15.
880 911 903 956 ὃ
927 930 962 969 y.
983 931 1018 956 ν.
1040 909 1082 956 ὅ.
1107 911 1416 969 κατεργάζεται
1441 928 1518 956 ra·-

48 968 171 1010 tione
188 969 332 1014 fulcit.
386 970 533 1013 Debet
550 976 694 1014 autem
714 971 881 1013 homini
908 971 1064 1015 christ.
1086 971 1303 1013 sententia
1325 969 1519 1012 absurda.

51 1025 218 1078 videri,
249 1028 334 1084 qua
360 1028 545 1086 probata
576 1033 668 1070 tum
695 1028 847 1081 fidem,
878 1029 1038 1071 summi
1064 1028 1201 1086 pretii
1231 1042 1347 1080 rem,
1376 1032 1426 1069 ut
1441 1041 1519 1070 va-

53 1097 155 1125 nam
185 1088 229 1125 et
258 1086 430 1127 inanem
460 1100 670 1143 spernere
686 1089 778 1127 tum
803 1086 866 1128 sic
895 1086 1152 1128 existimare
1172 1089 1377 1139 cogatur,
1412 1098 1521 1142 pro-

53 1139 239 1183 missum
271 1141 530 1184 Abrahamo
562 1143 742 1202 ejusque
767 1143 962 1200 posteris
992 1157 1017 1185 a
1048 1142 1148 1184 Deo
1182 1141 1331 1183 datum
1359 1144 1523 1183 eventu

54 1195 259 1241 destitui.
325 1197 418 1241 Καί
456 1199 572 1256 quod
607 1199 659 1244 E.
698 1198 836 1255 Vulg.
874 1200 996 1244 Clar.
1034 1199 1185 1243 Germ.
1214 1197 1522 1242 Ambrosiast.

55 1251 211 1308 Pelag.
241 1256 455 1312 probante
482 1256 628 1299 Jl1ille‘o
658 1255 781 1300 Prol.
820 1258 856 1308 §.
884 1257 986 1301 451.
1014 1271 1125 1308 om„
1163 1254 1331 1297 excidit
1367 1254 1421 1296 ob
1449 1268 1523 1312 sq.

55 1312 377 1367 κατήργηται.
416 1314 492 1355 καὶ
519 1312 788 1370 κατήργηται
814 1310 1116 1369 ἢέπαγγελία]
1146 1313 1327 1365 Henna„
1357 1311 1522 1364 Gram„

56 1366 228 1422 Kopp.‚
257 1368 378 1413 Mor.
400 1371 460 1414 al.
481 1370 590 1412 hanc
613 1370 754 1413 Paulo
772 1370 987 1412 rationem
1019 1369 1383 1412 subministrant:
1419 1368 1523 1425 quia

56 1422 136 1466 hoc
153 1430 280 1479 pacto
301 1427 424 1481 reyni
440 1441 564 1470 mese.
587 1427 837 1469 beatitatem
858 1430 938 1468 sm?
957 1427 1130 1483 quisque
1156 1427 1365 1468 virtute
1393 1424 1458 1480 (h.
1479 1438 1522 1466 e.

56 1479 273 1536 obsequio
302 1483 393 1536 legi
419 1497 530 1526 mos.
559 1483 797 1540 praestito)
831 1497 1005 1536 operose
1033 1486 1190 1535 parat,
1218 1495 1301 1522 non
1319 1494 1415 1523 eam
1434 1479 1523 1522 Dei

59 1537 175 1579 ultro
200 1538 484 1592 pollicitcmtis
507 1539 764 1581 liberalitati
791 1539 913 1580 debet
931 1541 993 1593 (V.
1012 1538 1096 1592 4.).
1150 1538 1307 1580 Aliam
1325 1537 1366 1578 ei
1389 1536 1524 1588 Calo„

56 1591 210 1646 Beza,
237 1593 397 1638 Rueck.
427 1595 486 1638 al.
510 1598 778 1650 suggerunt,
817 1591 972 1651 nempe
1000 1593 1139 1637 hanc:
1184 1594 1316 1634 irrita
1341 1598 1410 1635 est
1431 1592 1525 1635 Dei

57 1651 319 1708 promissio]
345 1666 449 1694 nam
475 1666 603 1708 quum
629 1666 680 1694 ea
705 1651 763 1693 sit
788 1650 1006 1692 hominum
1033 1649 1337 1702 imbecillas&
1366 1653 1413 1691 ut
1440 1648 1526 1704 leyi

59 1720 169 1750 mos.
196 1706 453 1764 satisfacere
477 1713 711 1765 nequeant,
740 1721 860 1749 nemo
879 1706 958 1748 hoc
982 1712 1109 1760 pacto
1131 1705 1381 1748 Abrahamo
1404 1704 1526 1761 ejus-

60 1777 142 1821 que
164 1765 351 1819 posteris
370 1765 588 1819 promisse?
612 1763 828 1821 felicitate
851 1763 1047 1819 potiatur
1083 1762 1222 1819 (quod
1260 1761 1528 1814 absurdu¹113

36 1847 39 1850 -
61 1825 206 1876 neque
227 1821 342 1862 enim
359 1820 451 1863 Dei
469 1822 688 1880 promissa
705 1820 834 1863 irrita
859 1834 958 1862 esse
975 1822 1201 1876 possunt).
1258 1817 1432 1874 Quodsi
1459 1819 1528 1860 al-

59 1879 280 1919 terutrum
306 1879 537 1936 amplexus
565 1877 700 1921 verba
727 1893 766 1918 κ.
797 1874 1065 1932 κατήργηται
1085 1872 1110 1932 ἡ
1134 1875 1207 1918 ἐπ.
1235 1877 1357 1917 nullo
1378 1874 1431 1919 P.
1453 1889 1527 1917 ar-

63 1938 271 1989 gumento
291 1934 494 1978 firmasse
520 1935 720 1992 putariS‚
746 1937 796 1974 ut
813 1933 960 1974 sobrie
985 1946 1117 1985 agas,
1144 1946 1186 1975 v.
1206 1946 1248 1975 v.
1271 1932 1341 1976 15.
1370 1927 1393 1974 ὃ
1423 1931 1530 1988 γὰρ

62 2005 101 2032 ν.
133 1985 170 2032 ὅ.
197 2005 367 2045 κατεργ.
396 1990 451 2032 ad
476 2005 517 2034 v.
548 1992 640 2044 13„
686 1989 810 2047 cujus
840 1990 1106 2031 sententiam
1137 1987 1305 2030 directo
1338 1986 1531 2044 quodam

64 2049 172 2103 post
187 2045 449 2089 indirectum
466 2050 524 2103 (s.
544 2039 851 2105 apagogibum)
874 2044 988 2103 quod
1005 2060 1046 2088 v.
1071 2047 1140 2088 14.
1157 2046 1275 2086 inest
1293 2058 1530 2099 argumen-

66 2107 115 2144 to
143 2103 452 2157 corroborent,
489 2104 658 2146 referre
685 2103 892 2145 debueris
925 2104 988 2158 (V.
1018 2101 1188 2157 Kopp.,
1216 2101 1397 2145 Boelem.
1429 2101 1529 2154 aL).

40 2175 43 2177 ’
67 2158 196 2214 Quae
208 2159 381 2215 quidem
397 2161 512 2203 ratio
532 2160 830 2218 simplicitatis
848 2157 1263 2202 commendationem
1281 2172 1366 2199 non
1384 2157 1532 2201 habet.

67 2215 185 2259 Hinc
209 2217 258 2259 P.
283 2217 420 2272 ‘ipsum
447 2232 564 2261 vocc.
594 2234 631 2258 κ.
651 2211 965 2273 κατήργηταιὴ
990 2213 1062 2258 ἐπ.
1091 2216 1241 2272 aliquo
1270 2218 1530 2269 argumento

69 2273 310 2315 munivisse
336 2274 466 2317 credo
494 2274 643 2317 verbis
675 2289 717 2318 V.
748 2273 818 2316 15.
850 2269 873 2315 ὃ
912 2272 1015 2329 γὰρ
1054 2288 1089 2314 ν.
1132 2272 1172 2314 ὀ.
1200 2269 1527 2327 κατεργάζεται.

69 2328 127 2372 Iri
158 2329 228 2371 his
257 2332 537 2389 praecipuum
564 2330 734 2388 pondus
754 2330 885 2372 habet
898 2344 940 2373 v.
961 2324 1118 2387 ὀργήν,
1150 2329 1220 2370 cui
1240 2329 1373 2369 tacite
1394 2341 1530 2383 oppo-

72 2389 206 2428 natur
241 2385 293 2428 οὐ
329 2386 457 2442 χάριν
491 2387 685 2444 (attende
716 2387 772 2430 ad
798 2402 839 2431 v.
867 2384 939 2428 ἵνα
970 2384 1106 2428 κατὰ
1142 2382 1308 2439 χάριν
1345 2397 1387 2427 v.
1418 2384 1531 2440 16.)-

72 2442 297 2487 Nimirum
324 2444 433 2486 hanc
460 2446 743 2488 sententiam:
793 2444 831 2486 si
859 2444 950 2486 lex
976 2456 1096 2485 mOS.
1133 2441 1390 2498 felicitatem
1419 2454 1532 2482 mes-

72 2502 245 2542 sianum
269 2500 504 2544 hominibus
529 2503 745 2554 conciliet,
778 2501 952 2544 irritum
978 2503 1043 2541 est
1071 2497 1316 2540 Abrahamo
1353 2495 1531 2553 ejusque

70 2557 254 2613 posteris
280 2558 429 2599 datum
457 2559 563 2600 Dei
594 2559 767 2613 promi
776 2571 916 2600 ssum
945 2570 995 2598 eo
1028 2553 1081 2598 P.
1106 2553 1289 2611 probat,
1324 2552 1441 2610 quod
1466 2554 1533 2595 le·-

71 2613 144 2668 gis
164 2627 273 2656 mos.
296 2612 383 2656 div.
406 2614 515 2656 iram
532 2616 753 2656 irritantis
772 2627 1023 2671 poenasque
1040 2611 1312 2668 procreantis
1337 2610 1406 2653 vis
1424 2625 1530 2668 pro-

73 2670 203 2711 missi
232 2674 276 2711 et
297 2684 320 2710 a
339 2669 427 2712 Dei
450 2671 722 2713 liberalitate
751 2670 937 2726 profecti
957 2673 1001 2710 et
1018 2669 1179 2724 optima
1205 2682 1403 2725 quaeque
1424 2667 1534 2709 omi-

75 2727 225 2768 nantis
255 2739 438 2770 naturae
461 2732 701 2784 repugnet,
738 2732 787 2768 ut
816 2726 990 2780 vigente
1008 2726 1106 2779 lege
1128 2739 1237 2769 mos,
1259 2722 1462 2767 liberalis
1481 2737 1532 2764 ac

64 2783 259 2838 *benigni
276 2784 365 2826 Dei
392 2785 609 2842 promisso
634 2786 754 2827 locus
781 2797 881 2825 esse
909 2782 1052 2839 possit
1080 2782 1252 2825 nullus:
1291 2782 1372 2823 hoc
1400 2782 1532 2838 pacto

76 2841 345 2899 promissum
363 2841 637 2900 antiquatum
658 2846 750 2896 θείς
779 2854 877 2884 nam
898 2841 973 2883 lex
991 2852 1100 2887 mos.
1120 2838 1210 2883 Dei
1237 2838 1253 2882 ί
1261 2853 1284 2883 r
1294 2853 1377 2882 am
1402 2839 1531 2894 (ergo
