1752 3347
211 177 302 224 246
487 173 867 221 EPISTULA
900 173 1003 218 AD
1033 173 1404 223 ROMANOS

214 284 332 383 §.lexa
353 282 421 339 13,
441 284 511 329 16.
532 284 624 341 7¹22)
651 285 733 326 tna-'n
750 294 972 337 nunquam
990 295 1075 325 non
1095 283 1189 326 Deo
1206 282 1405 325 honorem
1429 283 1596 341 (Apoc.
1615 284 1688 336 19,

248 339 374 397 ,τὴν
403 340 534 390 δόξαν
564 341 773 381 honorem
800 338 1010 394 debitum)
1046 340 1236 382 tribucre
1268 337 1481 382 declarat.
1550 341 1690 390 Qucum

216 398 268 441 ob
287 412 380 441 rcm
398 397 496 440 Deo
519 397 659 438 honor
675 395 891 438 habeatur
910 400 955 438 et
972 396 1072 452 qnid
1089 397 1174 450 fiat
1193 397 1238 438 in
1260 395 1347 438 Dei
1371 395 1579 437 honorem
1604 410 1690 438 non

219 469 275 497 cx
296 454 391 512 ipsa
412 453 669 509 loquutione
690 452 836 495 discas
858 451 935 494 sed
957 467 979 495 e
1002 453 1213 513 cujusque
1233 452 1266 497 l.
1297 467 1409 494 nexu
1437 465 1693 506 cognoscas.

220 510 367 555 Deum
386 510 622 568 honorare]
655 523 751 552 vero
773 508 972 563 dicendo,
1002 524 1129 565 quum
1148 524 1250 552 vcra
1267 509 1352 552 dici
1375 509 1696 552 sanctissimum

218 581 376 611 nttmcn
395 566 581 624 jussisse
601 566 818 623 reputaris
848 565 966 621 (Jos.
990 567 1033 618 7,
1059 569 1128 610 19.
1161 565 1264 611 Joh.
1285 566 1328 619 9,
1348 565 1468 617 2437:
1509 565 1612 608 Diis
1637 562 1697 618 fi-

222 624 358 667 ctitz'is
378 623 671 674 valedicendo,
699 624 810 678 quod
826 638 909 666 mm
930 637 1020 666 esse
1040 624 1184 667 Deum
1198 628 1376 679 praeter
1396 622 1601 664 Johnvam
1627 621 1698 664 in-

220 680 445 724 tellexeris
473 680 525 737 (J
527 694 593 724 er.
615 679 684 733 13,
705 680 824 736 16.):
849 680 1020 736 qratias
1035 694 1113 737 pro
1131 678 1330 733 beneficio
1350 679 1512 735 ayendo
1526 710 1538 730 ‚
1567 691 1698 735 quaem

224 737 273 779 'id
292 735 430 794 officii
446 737 639 780 rationes
652 734 856 835 slc‘zlqc‘tare
877 736 1211 781 consideraveris
1232 734 1363 791 (Luc.
1387 737 1454 788 17,
1468 734 1581 789 18.):
1609 732 1700 776 Dei

223 807 378 836 nomen
397 797 438 836 et
468 793 667 837 honorem
724 794 981 850 eprecando,
1019 808 1148 851 qaum
1177 798 1404 849 utrumque
1429 798 1589 835 temere
1614 789 1698 832 sibi

222 849 439 892 hominem
459 864 664 906 arroyure
682 850 866 892 senseris
894 851 1022 906 (Act.
1047 850 1113 904 12,
1132 849 1227 903 23.)
1257 853 1301 890 et
1332 848 1396 890 sic
1427 861 1578 904 porro.
1634 844 1700 889 H.

222 906 258 949 l.
277 905 419 949 valet:
448 906 546 949 Deo
571 907 779 950 honorem
804 906 966 949 habere
985 906 1082 963 ejas
1095 905 1308 961 promisso
1334 918 1490 958 parum
1508 902 1701 946 credibili

220 962 350 1018 fidem
370 963 613 1016 tribuendo,
645 964 756 1021 quod
771 964 914 1006 Deum
932 977 1012 1018 pro
1039 967 1118 1003 sua
1146 961 1454 1014 omnipotentio
1480 959 1590 1001 nihi!
1615 972 1700 1001 non

227 1020 286 1061 ad
304 1019 503 1077 effectam
523 1021 729 1063 adducere
747 1034 870 1076 posse
892 1018 1160 1074 empemleris.
1221 1017 1283 1060 V.
1310 1016 1414 1066 δοὺς
1436 1015 1567 1066 δόξαν
1584 1031 1622 1057 τ.
1646 1017 1697 1057 θ.

224 1075 535 1133 interpretatio
558 1076 613 1117 ab
634 1092 684 1119 eo
704 1075 887 1134 pendet,
919 1079 966 1117 ut
986 1082 1131 1116 utrum
1164 1071 1239 1115 καί
1267 1079 1369 1115 ante
1399 1073 1701 1129 πληροφορη-

225 1131 330 1182 &lg
349 1133 586 1187 genuinum
609 1134 692 1186 sit,
719 1147 772 1174 an
795 1132 1091 1173 adulterinum
1119 1134 1225 1186 (om.
1247 1129 1401 1173 l)*.E.
1422 1129 1473 1172 F.
1489 1130 1544 1172 G.
1566 1128 1701 1182 Vulg,

225 1186 290 1232 It.
314 1189 482 1234 Julian.
505 1188 660 1234 Sedul.
682 1189 987 1232 Ambrosiast.
1014 1187 1164 1242 pelag.
1192 1187 1409 1244 probante
1429 1185 1552 1228 Mill.
1576 1183 1700 1229 Prol.

228 1248 271 1300 ᾗ.
295 1246 446 1300 1458.)
473 1246 781 1289 constituatur.
835 1245 935 1300 Quo
957 1246 1247 1287 exterminato
1267 1259 1307 1289 v,
1325 1242 1430 1293 δοὺς
1448 1240 1579 1294 δόξαν
1598 1259 1634 1284 τ.
1650 1244 1700 1285 θ.

229 1307 377 1355 arcte,
406 1307 457 1345 ut
484 1317 613 1344 unam
639 1302 902 1344 sententiam
924 1303 1140 1355 efficiant,
1169 1316 1263 1343 cuni
1285 1315 1325 1346 v.
1347 1298 1440 1343 ἀλλ’
1462 1297 1571 1341 zared.
1592 1314 1630 1340 τ.
1652 1313 1702 1340 π.

228 1359 466 1401 cohaerent
486 1364 530 1402 ct
551 1358 794 1415 Participio
812 1357 1185 1416 πληροφορηῢείς
1202 1373 1334 1400 causa
1357 1356 1557 1399 redditur
1574 1369 1703 1413 prae-

229 1414 430 1458 cedentis
457 1415 693 1474 Participii
723 1412 826 1464 ὂοῦς
853 1415 898 1459 h.
924 1429 1004 1459 m.:
1045 1414 1123 1457 sed
1154 1416 1306 1457 firmus
1337 1414 1422 1456 fuit
1444 1412 1528 1455 fide
1548 1413 1705 1455 honore

231 1472 330 1515 Deo
361 1472 522 1515 tributo
551 1473 603 1529 (i.
626 1488 669 1529 q.
690 1476 736 1515 et
766 1472 953 1526 [firmam
978 1471 1104 1514 fidem
1125 1472 1344 1527 habendo]
1375 1472 1581 1513 honorem
1604 1468 1702 1511 Deo

231 1528 439 1583 tribuit),
478 1529 579 1586 qaia
607 1531 649 1572 ei
679 1529 1066 1586 persuasissimum
1088 1529 1174 1570 suit
1195 1535 1278 1572 etc.
1337 1526 1499 1571 Contra
1529 1532 1702 1568 retento

233 1583 309 1626 καί
328 1584 589 1642 participiis
609 1590 830 1628 structura
853 1586 1132 1626 continuatur
1160 1586 1236 1638 (cf.
1254 1586 1297 1637 2,
1314 1584 1383 1628 4.:
1412 1582 1518 1632 ὁοῦς
1539 1583 1577 1624 ὁ.
1596 1598 1632 1623 τ.
1652 1586 1702 1624 θ.

233 1657 273 1682 κ.
296 1641 672 1697 πληροφορηθεὶς
691 1665 740 1672 -
763 1641 793 1683 i.
816 1655 859 1696 q.
880 1642 951 1682 καὶ
974 1639 1111 1683 ἔδωκε
1131 1639 1264 1692 δόξαν
1282 1656 1319 1683 τ.
1339 1644 1386 1682 θ.
1411 1642 1482 1681 καὶ
1503 1639 1705 1693 ἐπληρο-

236 1696 423 1753 ιγηρήθη
443 1699 567 1750 -.):
597 1697 676 1740 sed
699 1697 878 1741 ,validus
906 1698 990 1740 snit
1018 1697 1103 1740 fide
1131 1697 1426 1754 honoremque
1448 1696 1545 1738 Dco
1577 1710 1705 1752 prac-

233 1752 355 1795 stitit
384 1759 479 1810 (np.
500 1753 585 1795 fide
605 1769 734 1811 quam
754 1754 1008 1812 praeberet)
1036 1760 1080 1797 et
1096 1755 1182 1797 fuit
1200 1755 1241 1796 ei
1269 1755 1399 1812 plane
1426 1766 1704 1811 persuasum,

234 1823 369 1867 posse
397 1810 536 1852 Deum
568 1825 680 1867 quae
707 1812 1013 1868 promississet
1043 1812 1174 1854 etiam
1204 1813 1348 1854 facere
1378 1815 1473 1868 (up.
1494 1815 1542 1852 ut
1565 1810 1706 1852 omni-

235 1871 461 1924 potentem
484 1865 578 1910 JeS.
599 1869 670 1920 59,
694 1868 734 1911 1.
766 1868 876 1913 Luc.
903 1872 940 1916 1,
959 1869 1070 1923 37.).
1129 1868 1198 1912 Ita
1231 1883 1271 1913 v.
1302 1867 1405 1918 δοὺς
1434 1865 1566 1917 δόξαν
1593 1882 1630 1908 τ.
1652 1870 1703 1908 θ.

238 1939 278 1966 κ.
297 1939 335 1963 τ.
354 1923 391 1963 λ.
418 1923 527 1964 hanc
558 1924 643 1965 vim
672 1923 859 1977 habent,
888 1928 937 1965 ut
958 1926 1125 1966 firmam
1147 1925 1395 1968 Abrahami
1430 1923 1556 1965 fidem
1585 1920 1703 1979 (ἀλλ’

239 1977 401 2020 ἐνεδυν.
422 1994 462 2020 τ.
481 1980 552 2035 π.)
582 1981 830 2023 accuratius
853 1980 1120 2025 describant.
1170 1982 1286 2024 Male
1308 1982 1405 2024 Chr.
1420 1979 1706 2032 Fr.Schnu'd.,

238 2034 400 2078 Rueck.
430 2036 489 2079 al.
521 2044 770 2094 exponunt:
811 2037 889 2079 sed
918 2037 1000 2080 fide
1031 2039 1191 2091 valuit,
1241 2039 1341 2080 {nia
1368 2037 1468 2080 Deo
1497 2037 1705 2079 honorem

238 2091 401 2134 tribuit
421 2092 509 2134 sibi
544 2109 598 2136 ue
620 2109 804 2151 prorsus
828 2100 1108 2152 persuaserat
1123 2101 1222 2139 etc..
1251 2055 1413 2152 lN'cque
1433 2093 1546 2136 enim
1557 2093 1708 2136 Abra-

240 2148 359 2193 hami
379 2148 487 2191 fides
503 2107 634 2204 firma
655 2156 750 2192 crat
769 2166 847 2208 pro
867 2158 1000 2195 »terea
1017 2186 1028 2205 ‚
1058 2152 1169 2209 quod
1193 2152 1288 2195 Deo
1308 2153 1515 2194 honorem
1540 2151 1709 2193 tribuc-

241 2210 313 2249 ret
332 2205 459 2248 fidem
482 2206 707 2260 habendo,
737 2209 820 2264 qua
843 2168 1051 2266 derogata
1071 2211 1191 2251 nulla
1213 2209 1334 2268 ejus,
1360 2223 1445 2251 non
1465 2206 1591 2250 modo
1620 2221 1706 2250 non

242 2263 397 2317 firma,
426 2262 535 2305 fides
564 2265 748 2317 suisset,
779 2265 856 2307 sed
886 2266 1106 2310 honorarit
1128 2268 1267 2309 Deum
1297 2281 1365 2319 eo,
1403 2266 1513 2321 quod
1539 2266 1706 2307 summa

242 2320 335 2363 Dei
355 2321 551 2377 potentia
574 2321 705 2363 nixus
729 2322 822 2364 sine
842 2323 933 2365 ulla
958 2323 1229 2366 dubitatione
1245 2323 1332 2365 Dei
1360 2323 1580 2381 promisso
1611 2336 1708 2365 con-

242 2377 397 2432 fideret
427 2378 489 2434 (v,
510 2380 682 2436 supra).
741 2378 978 2423 Praeterea
1005 2380 1054 2424 P.
1082 2395 1123 2424 v.
1145 2381 1362 2424 18.-21.
1395 2380 1474 2422 hoc
1503 2379 1622 2434 agit,
1656 2382 1706 2420 nt

245 2433 551 2476 Abrahamum
571 2435 874 2478 celebraturus
897 2439 1061 2480 firmam
1088 2452 1137 2479 ac
1167 2439 1297 2495 plane
1325 2437 1594 2492 singularem
1620 2433 1705 2479 viri

245 2489 376 2532 fidem
403 2492 562 2549 amplis
589 2507 631 2537 v.
657 2493 887 2537 describat.
944 2493 1082 2536 Nulla
1115 2495 1228 2537 ratio
1255 2495 1365 2548 suit,
1400 2509 1477 2536 cur
1507 2491 1582 2535 καί
1603 2505 1628 2534 a
1648 2488 1702 2535 P.

246 2547 490 2643 Hrofectum
507 2564 531 2591 a
550 2549 749 2593 librariis
767 2550 1012 2601 deleretur3
1040 2556 1191 2593 contra
1210 2552 1265 2594 ab
1277 2552 1369 2610 Ap.
1389 2566 1473 2594 non
1495 2550 1703 2608 scriptum

280 2603 500 2647 esiderare
520 2610 722 2664 poterant
740 2608 936 2661 scribae,
965 2609 1124 2666 quibus
1146 2610 1178 2653 l.
1199 2624 1353 2667 parum
1383 2613 1588 2669 percepto
1614 2604 1702 2647 duo

245 2658 487 2717 Partieipia
511 2664 604 2706 siue
627 2666 780 2720 copula
800 2665 952 2724 juncta
974 2665 1201 2710 offensioni
1232 2667 1443 2710 fuissent:
1472 2681 1513 2710 v,
1535 2666 1623 2705 nof-
1647 2662 1703 2705 ”d

247 2714 407 2759 Mssssh·
442 2732 483 2773 p,
502 2722 572 2764 99.
601 2727 645 2763 et
672 2722 778 2766 Win.
808 2737 876 2777 gr.
907 2739 949 2781 p.
970 2724 1089 2768 288..
1144 2721 1297 2780 Quare
1325 2722 1401 2766 καί
1418 2718 1701 2765 inducendum

247 2787 348 2814 esse
373 2775 618 2822 existimes.
677 2779 760 2823 Est
788 2785 928 2822 tamen
961 2794 1031 2823 res
1060 2780 1323 2824 dubitationi
1349 2778 1559 2830 obnoxia,
1598 2777 1702 2835 quia

249 2829 323 2874 καί
343 2835 444 2872 ante
469 2835 656 2887 ποιῆσαι
672 2869 684 2888 ,
713 2835 846 2881 demit
868 2837 911 2883 3.
932 2842 975 2882 et
994 2853 1035 2884 V.
1051 2839 1125 2886 22.
1153 2836 1227 2883 καί
1246 2843 1346 2897 post
1363 2835 1436 2881 διό
1454 2848 1538 2882 om.
1555 2833 1612 2882 B.
1627 2833 1701 2878 D*
