1752 3347
183 227 241 269 04
466 224 846 269 EPISTOLA
880 225 982 268 AD
1013 224 1381 271 ROMANOS

182 346 342 390 pravos
361 332 552 388 gentiles
577 331 759 391 objurga
768 330 820 383 ri,
840 331 918 387 qui
938 331 1188 374 sanctitatis
1210 332 1506 388 simulatores,
1527 350 1661 392 quum

183 389 444 432 delictorum
477 388 733 441 1‚24-32.
767 394 1106 431 memoratorum
1134 389 1347 431 immunes
1377 397 1548 444 essent,
1586 407 1661 434 eos

183 452 416 504 carperent
440 446 516 501 qui
537 445 615 486 illa
647 445 971 487 committerent
1001 445 1232 501 (Cast-im),
1272 451 1350 488 aut
1379 461 1529 489 omnes
1559 463 1662 506 pro-

182 503 349 546 miscue
375 501 573 544 homines
597 502 864 559 vituperari,
901 501 939 542 si
970 501 1046 558 qui
1075 502 1262 543 aliorum
1292 517 1500 544 censores
1527 510 1662 560 agant

179 560 329 615 (Beza
350 559 431 611 al.)
458 558 626 615 opinati
658 562 776 602 sunt.
834 557 924 601 Sed
952 573 1037 600 non
1070 559 1212 601 minus
1242 559 1403 601 falsum
1434 575 1534 602 esse
1567 561 1662 602 exi·

180 617 311 659 stimo
344 613 461 671 quod
483 614 667 658 Boelem.
697 619 741 656 et
771 615 998 658 Rueck-ert.
1032 614 1322 669 contendunt,
1363 616 1417 659 de
1444 616 1663 660 industria

180 672 234 717 P.
257 685 397 728 neque
417 670 613 715 ,ludaeos
635 671 679 714 h.
699 671 732 714 l.
753 671 934 713 affatum
962 687 1081 725 esse,
1111 687 1253 730 neque
1282 688 1356 715 eos
1386 674 1473 716 nisi
1501 674 1664 716 leniter

177 731 321 796 primo
341 729 614 784 castigasse,
639 727 774 771 donec
805 743 882 771 eos
914 744 954 772 v.
981 730 1049 772 17.
1080 731 1327 772 nominatos
1356 730 1558 773 acerbius
1585 730 1663 772 ob-

173 789 378 846 jurgaret
410 799 452 829 V.
483 787 613 827 17—
634 785 731 838 23„
771 800 824 828 ne
854 800 986 842 quum
1019 786 1304 829 inclementer
1333 788 1484 829 statim
1514 788 1557 829 in
1584 801 1661 829 eos

180 846 377 887 invectus
400 846 520 884 esset
539 841 659 899 iique
684 857 731 884 se
763 841 1027 900 reprehendi
1058 844 1265 886 continuo
1295 844 1565 894 sensissent,
1605 844 1660 885 ab

177 915 225 943 se
250 899 489 941 abalienati
517 898 575 941 ad
606 914 686 941 sua
718 898 834 941 dicta
864 898 1247 944 obsurdescerent.
1321 900 1418 942 Seri
1455 902 1514 943 sit
1545 901 1659 943 enim

178 957 232 1001 P.
253 970 340 998 non
360 955 570 1009 Iudaeis,
593 955 671 998 sed
695 956 945 999 hominibus
961 957 1231 999 christianis.
1290 916 1464 999 Deimfe
1486 957 1661 1000 etiamsi

176 1017 429 1066 vereretur,
465 1027 520 1055 ne
547 1027 626 1055 sua
653 1014 697 1055 in
719 1012 913 1057 Iudaeos
941 1015 1084 1056 oratio
1118 1014 1171 1055 iis
1204 1014 1374 1066 ingrata
1405 1019 1547 1066 esset,
1583 1014 1660 1070 qui

176 1071 280 1114 olim
299 1069 691 1121 Judaeifuissent,
721 1072 917 1127 profecto
943 1084 1025 1111 non
1061 1071 1099 1111 is
1131 1075 1226 1112 erat
1249 1069 1324 1123 1².,
1357 1070 1434 1127 qui
1494 1085 1540 1113 er
1569 1085 1660 1112 am-

175 1129 309 1183 bages
330 1126 521 1180 diceret,
550 1141 662 1183 quae
681 1126 922 1169 lectoribus
945 1126 1186 1183 displicere
1214 1133 1398 1184 possent
1430 1142 1450 1168 c
1475 1160 1486 1170 .
1505 1129 1533 1168 2
1556 1126 1658 1171 Cor.

176 1187 246 1238 11,
262 1186 302 1228 l.
325 1198 393 1241 sq.
417 1183 520 1227 Gal.
541 1184 639 1237 3‚l.
664 1197 782 1239 sqq..
837 1182 953 1223 Tum
986 1184 1055 1225 vel
1076 1183 1157 1235 iis,
1192 1198 1303 1240 quae
1332 1198 1372 1226 ν.
1405 1185 1428 1225 1
1450 1210 1504 1215 ——
1524 1185 1567 1227 3.
1594 1184 1658 1226 le-

173 1247 359 1298 guntur,
396 1245 485 1282 tam
507 1247 660 1298 aperte
685 1239 844 1285 Judaei
878 1240 1206 1296 pervelluntnr,
1244 1246 1291 1281 ut
1320 1241 1537 1298 temporis
1567 1254 1659 1283 mo-

175 1303 319 1341 mento
345 1299 562 1351 lectores,
593 1297 778 1339 Jndaeos
806 1296 951 1353 carpi,
985 1296 1235 1352 intelligere
1263 1296 1511 1341 debuerint.
1570 1295 1658 1340 Po-

175 1361 340 1399 stremo
379 1353 498 1411 quod
537 1368 578 1398 V.
609 1355 680 1397 17.
711 1351 872 1397 Judaei
901 1354 1206 1403 nominantur,
1248 1369 1350 1396 casu
1381 1355 1542 1397 factum
1573 1359 1658 1407 est,

174 1427 285 1470 quos
305 1426 358 1453 ne
377 1411 648 1453 nominasset
668 1409 842 1467 quidem
865 1410 987 1468 Ap„
1024 1410 1114 1453 nisi
1146 1411 1210 1452 ibi
1235 1425 1285 1453 ca
1321 1411 1406 1453 sibi
1436 1410 1656 1454 afferenda

173 1468 500 1521 existimasset,
533 1467 693 1525 quibus
716 1465 877 1510 sudaei
900 1467 1086 1509 maxime
1108 1467 1338 1526 superbire
1361 1469 1577 1521 solerent,
1611 1468 1657 1510 in

175 1526 337 1584 quibus
374 1524 519 1583 ipsum
553 1528 649 1567 erat
678 1522 947 1568 Judaeorum
985 1538 1159 1568 nomen.
1233 1524 1345 1568 Voc.
1376 1526 1466 1575 πᾶς
1496 1525 1657 1567 leviter

174 1597 280 1627 sane
307 1580 485 1624 damnat
505 1581 627 1625 Mill.
648 1580 771 1623 Prol.
801 1583 842 1634 §.
864 1579 1017 1632 1253„
1056 1579 1176 1636 quod
1205 1581 1381 1623 nonnisi
1411 1580 1516 1638 Syr.
1546 1580 1655 1639 Erp-

172 1641 307 1685 Arm.
329 1639 555 1690 omittant,
595 1643 672 1679 aut
697 1636 814 1693 quod
834 1637 983 1693 paullo
1009 1636 1196 1678 liberius
1227 1637 1340 1679 hunc
1368 1639 1399 1682 l.
1427 1644 1655 1680 converte·

173 1701 287 1750 rent,
308 1701 386 1737 aut
407 1694 525 1764 quod
546 1695 589 1736 in
610 1694 687 1735 illa
710 1707 812 1735 voce
834 1691 1123 1735 offendissent
1144 1693 1220 1748 (cf.
1245 1695 1396 1745 infra).
1424 1720 1476 1725 —-
1519 1695 1655 1738 voce.

173 1751 307 1808 κρίνω
327 1757 371 1794 et
390 1767 441 1793 το
463 1747 599 1805 κρίμα
617 1750 728 1792 nihil
747 1750 899 1806 utique
919 1750 1173 1804 significant
1191 1751 1275 1792 nisi
1289 1749 1494 1805 judicare
1518 1756 1560 1792 et
1575 1751 1655 1806 jn-

172 1810 347 1853 dicium.
411 1807 562 1864 Quare
601 1807 677 1863 qui
716 1807 760 1848 in
788 1806 1006 1866 ejusmodi
1036 1807 1094 1857 l.,
1135 1807 1177 1848 in
1209 1807 1369 1863 quibus
1396 1805 1448 1849 de
1471 1807 1658 1865 judicio,

173 1881 259 1924 quo
291 1864 392 1922 quis
424 1863 762 1916 condemnetur,
802 1878 1046 1905 sermonem
1084 1864 1256 1905 institui
1285 1863 1500 1906 orationis
1528 1869 1656 1906 tenor

172 1928 330 1993 arguat
348 1924 412 1978 (v.
437 1922 506 1966 12.
526 1921 668 1965 Hebr.
695 1921 847 1973 lo,30.
870 1920 972 1964 Gal.
994 1922 1034 1973 5,
1050 1922 1118 1964 10.
1138 1922 1220 1975 al.)
1240 1918 1372 1975 κρίνω
1395 1921 1423 1964 i.
1450 1935 1493 1977 q.
1515 1936 1655 1962 κατα-

173 1995 308 2038 κρινω
328 1984 372 2021 et
389 1977 440 2021 τὸ
462 1977 598 2035 κρίμα
619 1978 648 2021 i.
674 1992 717 2034 q.
736 1973 789 2018 ‘co‘
808 1976 1057 2031 κατάκριμα
1080 1979 1225 2019 valere
1248 1977 1421 2026 dicunt,
1454 1981 1494 2018 in
1532 1992 1653 2020 vect:-

173 2037 274 2080 bula
294 2035 516 2078 notionem
538 2034 772 2085 invehunt,
803 2048 914 2090 qnae
936 2039 1005 2075 est
1027 2034 1068 2076 in
1091 2039 1312 2077 contemtu.
1372 2034 1429 2076 Et
1448 2033 1528 2075 hoc
1555 2034 1653 2090 qui-

172 2093 268 2136 dem
287 2094 320 2138 l.
343 2107 393 2135 eo
423 2090 791 2134 inconsideratius
822 2090 1020 2132 nonnulli
1050 2089 1182 2142 κρίνω
1220 2090 1333 2133 idem
1369 2089 1484 2147 quod
1515 2105 1655 2132 κατα-

174 2149 306 2205 κρίνω
335 2149 588 2205 significare
619 2149 899 2190 affirmarunt
922 2147 1041 2202 [Chr.
1071 2147 1144 2190 Fr.
1177 2147 1375 2198 Schmid,
1415 2147 1653 2190 Beneckius

173 2208 278 2263 al.]‚
317 2205 436 2264 quod
459 2206 704 2263 quaesitam
736 2219 758 2246 a
784 2203 836 2247 P.
865 2203 1259 2246 annominationem
1290 2201 1474 2259 (κρίνεις
1494 2228 1547 2233 -
1570 2218 1651 2243 κα-

172 2261 395 2321 τακρίνεις
413 2264 470 2307 cf.
493 2262 626 2306 Rom.
648 2262 690 2314 5,
707 2264 774 2305 16.
797 2261 945 2314 14,23.
968 2262 991 2302 l
1012 2260 1115 2305 Cor.
1145 2262 1294 2314 11,29.
1317 2260 1389 2303 31.
1411 2261 1505 2313 32.)
1531 2257 1650 2302 dele-

174 2325 353 2374 verunt,
401 2335 530 2378 quam
570 2319 709 2361 latine
743 2332 827 2360 non
868 2319 1001 2360 aliter
1029 2318 1276 2375 exprimas,
1313 2317 1401 2358 nisi
1431 2323 1477 2358 ut
1507 2314 1651 2360 dicas:

173 2378 427 2420 damnas—
448 2378 717 2420 condemnas.
779 2373 824 2416 ἐν
846 2367 899 2430 ᾧ]
931 2375 1131 2425 Ermum,
1162 2374 1310 2422 Bet-a.
1344 2374 1490 2416 Le'mb.
1514 2373 1573 2415 al.
1605 2370 1651 2415 ἐν

175 2426 210 2488 ᾧ
231 2449 277 2476 eo
296 2434 407 2492 quod
426 2434 672 2492 explicant,
703 2436 751 2474 ut
774 2431 886 2474 idem
907 2431 989 2483 sit,
1018 2430 1133 2488 quod
1156 2429 1200 2473 ἐν
1234 2426 1371 2486 ιοῦτῳ
1399 2428 1463 2472 ὅτι
1497 2429 1649 2485 (Rom.

171 2491 215 2541 8,
226 2491 321 2547 3.);
365 2504 412 2533 eo
456 2492 565 2547 quod
609 2490 791 2532 alterum
839 2490 1019 2530 damnus
1055 2489 1326 2543 remenpsum
1379 2488 1646 2529 condetmms.

173 2545 320 2603 (Idem
349 2548 544 2591 voluisse
575 2545 778 2590 videntur
805 2546 1077 2599 glossatores
1105 2545 1177 2588 37.
1208 2544 1385 2596 73..-=1.,
1432 2543 1507 2600 qni
1537 2540 1582 2585 ἐν
1613 2534 1647 2581 ὦ

174 2600 255 2660 γάρ
284 2602 515 2660 κρίματι
543 2619 566 2647 e
587 2603 746 2646 Matth.
785 2603 881 2655 7,2.
904 2601 1177 2644 asciverunt:
1214 2600 1553 2659 qnojnde'co'o
1581 2613 1607 2639 a
1628 2622 1646 2629 —

172 2665 312 2703 terum
343 2661 546 2713 damnas,
584 2677 704 2703 ου-
726 2660 997 2713 ἰινιηυίῐρκιωιι
1033 2659 1325 2710 condemnas).
1386 2655 1484 2700 Alii
1513 2658 1575 2709 (v.
1608 2669 1645 2696 r.

181 2715 328 2759 Weiss.
349 2721 393 2757 ct
412 2717 661 2773 Rueck-err.)
683 2714 726 2759 ἐν
746 2708 780 2772 ᾦ
801 2716 853 2757 ad
878 2721 1050 2773 tempus
1075 2716 1294 2757 referunt:
1335 2729 1412 2771 qno
1440 2711 1645 2774 tempor-fs

173 2777 381 2816 momento
405 2773 433 2816 i.
456 2789 494 2817 e.
515 2776 630 2817 dnm.
690 2773 926 2816 Praeterea
952 2772 1011 2815 lt.
1039 2778 1078 2813 et
1106 2772 1131 2813 ἲ
1152 2773 1243 2837 ulg.
1264 2770 1309 2813 ἐι·
1333 2773 1369 2824 ψ
1398 2772 1571 2810 vertunt
1601 2781 1644 2808 m

173 2844 277 2884 cmo,
305 2829 347 2873 h.
366 2843 406 2873 e.
427 2830 467 2870 in
487 2835 570 2871 (m)
592 2846 638 2872 re
657 2831 734 2885 (cf.
761 2830 884 2873 Rom.
912 2829 1061 2881 1422.
1089 2843 1311 2883 μακαρως
1345 2821 1368 2864 1¹»
1392 2823 1450 2879 pn)
1487 2840 1510 2864 κ
1543 2821 1644 2864 Iuor

174 2882 330 2928 immin*
348 2883 402 2927 ἐν
424 2878 457 2941 ᾧ
482 2846 708 2937 ιζοκιμάζει
736 2887 764 2929 i.
788 2902 826 2930 e.
851 2885 894 2926 ἓν
917 2883 1078 2939 τούτῳ.
1120 2879 1144 2921 i)
1170 2882 1410 2934 δοκιμάζει.
1472 2881 1492 2921 l
1559 2887 1642 2921 etr.
