1752 3347
223 202 281 246 64
505 198 888 245 EPISTOLA
920 203 1021 245 AD
1050 201 1411 250 ROMANOS

224 307 423 352 homines
451 307 713 375 perducere,
742 312 791 350 ut
821 322 919 350 esse
948 307 1093 351 Deum
1117 308 1175 352 Ο.
1198 308 1286 362 Μ.,
1315 312 1390 366 qui
1417 313 1582 355 summa
1610 326 1689 370 po-

222 366 360 409 tentia
382 369 697 424 majestateque
718 364 905 419 insignis
925 366 1069 408 omnia
1090 370 1134 408 et
1153 368 1448 423 procreaverit
1468 375 1512 410 et
1527 369 1688 424 guber-

223 427 319 477 net,
357 422 543 466 rationis
577 421 620 463 vi
658 420 1027 478 meditationeque
1065 428 1266 465 accurate
1302 423 1574 478 intelligant,
1610 425 1691 468 alii

223 494 397 538 quoque
417 479 657 534 scriptores
675 478 787 520 sassi
806 482 910 520 sunt
939 483 984 520 et
1011 478 1208 522 fatentur
1235 494 1409 533 omneS,
1449 481 1523 537 qui
1551 496 1687 538 quan-

221 545 315 580 tum
352 535 548 577 homines
583 535 755 576 ratione
784 533 975 592 praediti
1001 535 1143 579 brutis
1170 537 1434 578 animalibus
1460 545 1689 594 praestent

221 593 334 636 satis
361 590 646 633 recordentur
673 590 964 648 indignosque
993 606 1041 635 se
1066 597 1295 646 censeant,
1335 593 1412 650 qui
1438 593 1495 636 ad
1522 594 1690 636 bestias

223 651 473 693 mittantur.
526 647 595 693 Cf.
618 647 695 692 Ps.
718 649 786 701 19,
802 648 946 692 1-5,
962 649 1189 702 92‚5—7.
1210 649 1315 708 Sap.
1339 651 1406 703 13,
1421 650 1560 694 1-5.
1580 651 1690 693 Ari-

223 710 329 749 stot.
350 703 402 746 de
424 703 582 747 mundo
600 720 638 748 c.
658 708 701 749 (5.
724 703 816 749 Cic.
838 704 890 748 de
906 705 1013 750 Div.
1032 704 1178 761 11,72,
1191 708 1292 751 148.
1311 707 1450 750 Tusc.
1470 705 1508 760 I,
1519 708 1590 761 28,
1599 709 1689 751 70..

223 763 298 807 Sic
320 765 506 804 mentem
537 761 750 815 hominis,
788 763 987 819 quamvis
1015 777 1109 805 eam
1139 777 1226 806 non
1254 763 1430 817 videas,
1468 769 1519 806 ut
1548 766 1690 807 Deum

220 835 305 864 non
325 819 463 871 vides3
498 823 667 872 tamen,
699 824 747 862 ut
764 820 909 864 Deum
935 821 1130 875 aquosee's
1157 835 1216 862 ex
1242 820 1340 877 ejus
1370 820 1589 876 operibus,
1626 821 1690 862 sic

221 892 277 920 ex
317 875 525 918 memoria
565 890 712 918 rerum
746 901 802 907 —-
828 902 885 908 —-
917 876 1005 918 vim
1036 876 1226 919 divinam
1260 878 1416 920 mentis
1446 878 1690 929 agnoscito.

218 934 282 978 V.
299 934 371 977 21.
427 932 618 975 Ratione
643 932 694 976 P.
724 932 865 975 munit
892 933 1044 975 ultima
1067 948 1107 977 v.
1127 935 1198 978 20.
1222 948 1263 978 ν.
1295 932 1360 984 εἷς
1386 930 1437 975 τό
1465 928 1576 976 εἶναι
1607 930 1692 974 αι’)-

223 989 329 1040 τούς
367 986 727 1045 ἀναπολογήτους
765 990 809 1034 h.
846 1004 911 1034 r.:
959 990 1079 1032 nulla
1108 996 1174 1032 est
1195 990 1426 1046 yeutilibus
1450 991 1691 1043 erc-usule'e,

221 1061 350 1106 quam
370 1061 446 1088 suo
467 1046 518 1088 cle
535 1047 707 1088 numine
731 1046 815 1090 div.
843 1047 981 1089 errori
1003 1044 1268 1102 praetexunt
1294 1050 1358 1103 (v.
1390 1047 1485 1100 20.)
1511 1051 1691 1104 suntque

217 1104 448 1163 proinde
477 1104 621 1157 poenis
642 1103 727 1146 cliv.
758 1102 932 1145 obnoxii
960 1105 1023 1159 (v.
1054 1104 1162 1159 18.).
1229 1104 1366 1146 Nam
1392 1117 1519 1144 (etum
1547 1104 1690 1145 Deum

220 1160 534 1217 eoynovz‘ssent,
579 1164 724 1201 tamen
756 1173 852 1201 eum
889 1173 973 1201 uon
1006 1165 1106 1202 suut
1146 1163 1193 1201 ut
1221 1161 1363 1202 Deum
1407 1158 1586 1200 caedibus
1615 1164 1691 1200 aut

218 1220 352 1276 yram
368 1216 574 1259 memoria
590 1217 842 1273 prosequuti
862 1217 924 1272 (v.
943 1216 1053 1271 21.).
1106 1214 1278 1271 γνόντες
1295 1215 1370 1257 τὸν
1388 1214 1516 1270 θεόν]
1540 1229 1689 1272 quam-

221 1288 353 1332 quam
370 1288 525 1315 numen
542 1273 628 1317 div.
648 1277 819 1317 norant.
879 1271 996 1315 Sane
1020 1273 1211 1328 gentiles
1240 1287 1398 1314 numen
1427 1271 1514 1316 div.
1543 1272 1691 1327 cogni-

217 1335 310 1374 tum
349 1329 608 1373 habuerunt.
681 1327 797 1370 Nam
835 1334 879 1371 et
914 1330 1045 1388 plana
1074 1345 1222 1372 eorum
1251 1329 1407 1371 animis
1435 1330 1575 1370 inerat
1606 1328 1692 1371 Dei

218 1387 406 1430 scientia
424 1388 485 1442 (v.
507 1387 597 1441 19.)
615 1390 659 1428 et
680 1385 841 1428 habere
861 1401 909 1428 se
929 1388 1120 1429 numinis
1143 1386 1230 1430 div.
1249 1386 1467 1429 notionem
1486 1385 1567 1427 hoc
1593 1386 1692 1443 ipso

217 1443 578 1496 manifestarunt,
616 1441 732 1499 quod
753 1443 986 1487 simulacra
1013 1445 1264 1498 coluerunt,
1305 1444 1391 1501 qua
1416 1457 1464 1485 re
1493 1457 1592 1485 esse
1618 1457 1693 1484 na-

217 1507 359 1544 turam
377 1499 464 1544 div.
483 1504 778 1555 agnoverunt,
807 1500 887 1543 sed
908 1516 957 1543 eo
975 1506 1237 1558 peccarunt,
1265 1500 1382 1557 quod
1400 1501 1521 1542 illam
1554 1499 1693 1541 homi-

217 1573 320 1600 num
343 1563 386 1600 et
412 1557 653 1599 bestiarum
683 1557 824 1611 figura
855 1559 1176 1614 repraesentari
1206 1562 1367 1599 temere
1393 1558 1692 1614 opinarentur.

218 1615 338 1659 Bene
359 1614 497 1657 schol.
515 1613 673 1656 Matth.
692 1627 715 1655 e
736 1612 845 1657 cod.
870 1612 945 1669 Q..
1002 1615 1078 1655 τὸν
1098 1611 1224 1669 θεόν]
1254 1613 1478 1656 τουτέστι,
1509 1612 1554 1654 τί
1580 1613 1692 1654 ποτέ

220 1670 318 1715 ἐστι
334 1668 467 1720 θεὸς,
505 1667 549 1710 τί
567 1667 744 1725 ὀφείλει
766 1666 1166 1722 ὑπολαμβάνεσθαι
1192 1666 1303 1719 θεός
1329 1672 1439 1720 (ben
1468 1671 1692 1724 ffiegrit'f'

221 1730 298 1774 bie
318 1727 443 1782 ‘jbee
465 1726 647 1780 (θοΐΐεεῐ).
689 1725 758 1770 Cf.
779 1727 910 1768 etiam
932 1727 1182 1769 Theodorei.
1203 1730 1246 1768 et
1268 1726 1470 1770 Lutlzer..
1519 1724 1693 1782 Quodsi

218 1783 276 1829 P.
299 1786 437 1838 magis
460 1784 689 1840 perspicue
719 1784 782 1826 sic
811 1784 1067 1841 scripsisset
1087 1782 1221 1826 Διότι
1245 1780 1416 1838 γνόντες
1443 1781 1502 1824 τὸ
1531 1787 1623 1825 θεῖ
1639 1798 1693 1822 ον

218 1843 351 1899 (Act.
375 1841 547 1893 1229.)
569 1837 645 1891 οὗχ
672 1834 730 1890 ὡς
757 1837 833 1881 τὸν
861 1840 971 1883 θεὸν
1000 1836 1216 1890 ἐδόξασαν
1243 1836 1351 1881 αὐτό
1385 1864 1455 1882 -.
1496 1853 1619 1881 nemo
1639 1839 1695 1880 ab

220 1899 318 1958 ejus
347 1902 491 1940 mente
520 1897 648 1939 facile
674 1896 986 1941 aberravisset.
1044 1896 1174 1938 Nunc
1201 1893 1371 1951 γνόντες
1397 1894 1511 1938 idem
1544 1897 1693 1938 valere

220 1953 338 2014 quod
358 1955 516 2010 γνῶναι
549 1951 809 2008 δυνηθέντες
838 1949 964 2008 εἴπερ
991 1949 1218 2009 ἠθέλησαν
1243 1953 1436 2010 quamvis
1460 1966 1582 1994 nosse
1606 1966 1691 2008 po-

218 2013 486 2063 tuissent,
519 2010 557 2052 si
581 2010 810 2053 voluissent
829 2011 956 2053 multi
981 2010 1067 2053 sibi
1095 2012 1243 2066 inepte
1271 2014 1587 2066 persuaserunt
1616 2010 1694 2064 [cs.

219 2068 371 2112 Schol.
392 2067 552 2110 Matth.
571 2066 646 2110 cit.
668 2066 882 2120 Cramer„
914 2068 1081 2119 Stolz„
1114 2068 1286 2121 Flam}
1345 2065 1510 2109 Eodem
1544 2080 1694 2108 errore

219 2126 448 2170 Rueckert.
475 2120 668 2180 γνόντες,
709 2124 754 2165 in
786 2138 870 2180 quo
898 2124 1116 2174 offendas,
1158 2129 1246 2164 tum
1275 2130 1394 2165 recte
1424 2123 1585 2165 habere
1616 2123 1692 2164 oh-

219 2187 390 2235 servat,
421 2196 552 2238 quum
574 2179 757 2223 Paulum
778 2181 973 2224 Genesin
994 2186 1224 2239 sequutum
1244 2180 1437 2222 homines
1456 2179 1694 2235 aliquando

219 2255 350 2283 unum
377 2238 523 2281 Deum
550 2237 768 2290 coluisse,
816 2238 895 2280 sed
925 2244 1077 2296 postea
1106 2237 1160 2278 ad
1190 2234 1540 2291 Polytheismum
1571 2235 1694 2278 dela-

254 2312 329 2340 sos
349 2310 448 2339 esse
478 2295 690 2337 statuisse
718 2309 880 2339 sumaS.
939 2292 1171 2349 ἐδόξασαν]
1210 2294 1305 2337 scil.
1337 2290 1481 2334 αι’-τόν.
1541 2292 1695 2344 Δοξά-

220 2313 313 2406 ιἐειν
329 2351 428 2396 τινά
449 2366 532 2394 non
552 2366 652 2394 esse
676 2351 748 2407 pie
777 2352 960 2409 aliquem
987 2352 1120 2394 colere
1150 2349 1267 2404 [Chr.
1288 2348 1360 2392 Fr.
1380 2349 1588 2404 Schmidq
1630 2365 1692 2392 ηι-

220 2416 314 2461 tet3
343 2409 569 2452 declarare
591 2413 738 2466 potest
767 2408 948 2464 aliquem
979 2409 1188 2450 honorare
1215 2405 1370 2462 [LXX
1391 2406 1484 2450 Jes.
1504 2407 1613 2454 4353
1644 2409 1693 2461 .],

225 2467 304 2509 sed
337 2466 489 2524 quidni
517 2466 710 2508 laudibus
738 2465 923 2522 aliquem
950 2464 1164 2507 celebrare
1196 2463 1376 2518 [Manli.
1405 2465 1445 2515 5,
1463 2464 1530 2505 16.
1563 2463 1693 2506 Rom.

225 2524 293 2576 15,
305 2525 347 2567 6.
366 2526 407 2566 9.
429 2524 507 2579 aL]
536 2522 604 2564 hic
632 2536 805 2578 quoque
834 2535 1037 2563 enarrare
1066 2521 1300 2566 malumus,
1332 2520 1392 2561 ita
1421 2519 1616 2576 quidem,
1645 2526 1694 2561 ut

222 2595 292 2623 vv.
314 2578 512 2632 δοξάζειν
531 2584 573 2620 et
601 2578 870 2636 εὐχαριστεῖν
897 2579 1060 2620 cultum
1093 2577 1188 2618 Deo
1220 2576 1499 2618 tribuendum
1529 2577 1694 2618 exhau-

223 2632 375 2679 riant?
431 2633 632 2691 ὡςθ-εόν]
667 2641 712 2678 ut
731 2636 872 2677 ,Deum
892 2636 921 2678 i.
954 2650 992 2679 e.
1024 2640 1070 2676 ut
1102 2633 1244 2675 mundi
1270 2633 1536 2675 conditorem
1565 2632 1694 2687 (Act.

226 2693 382 2745 14‚15.
408 2693 606 2747 17,24.)‚
646 2692 978 2748 gubernatorem
1006 2691 1134 2747 (Act.
1167 2691 1342 2744 1755.)
1369 2704 1577 2745 eumque,
1620 2691 1694 2743 qui

227 2764 394 2793 euinma
426 2751 466 2790 in
498 2764 634 2803 genus
665 2750 896 2791 humanum
928 2748 1135 2790 beneficia
1165 2749 1357 2789 conserat
1386 2746 1511 2802 (Act.
1541 2745 1693 2794 14,st

229 2807 379 2861 l7‚25.
399 2808 508 2860 28).
568 2805 783 2861 Quocirca
806 2804 857 2849 P.
881 2806 959 2847 hoc
982 2806 1110 2848 dicit:
1140 2818 1397 2860 quamquain
1417 2804 1529 2844 enim
1552 2803 1692 2845 Deum

227 2868 408 2918 norant,
437 2867 581 2906 tamen
603 2878 699 2905 eum
720 2877 804 2905 non
825 2863 1026 2906 laudibus
1047 2862 1323 2905 celebrarunt
1342 2865 1388 2901 ut
1407 2862 1570 2901 summa
1604 2876 1693 2901 ma-

1625 2917 1694 2977 je-
