1752 3347
565 190 656 235 CA
672 189 722 237 P.
753 190 793 238 Ι.
834 191 925 237 Vs.
960 193 1052 237 1⁷..
1483 192 1540 234 47

77 303 249 358 promtu
270 302 360 353 est,
392 312 444 340 ne
466 312 541 342 eos
562 299 760 356 quidem,
790 300 865 356 qui
885 298 1011 342 tidem
1033 298 1288 351 habuerint,
1318 311 1419 340 vere
1438 313 1538 342 esse

74 355 297 406 δικαίους,
327 355 406 397 sed
426 355 508 398 lide
527 370 675 398 eorum
698 357 739 398 in
761 357 1032 410 integritatis
1054 358 1148 398 loeo
1170 357 1392 398 numerata
1423 357 1538 398 tales

75 417 243 455 tantum
269 429 291 454 a
323 413 421 454 Deo
450 413 656 456 benevolo
683 413 951 467 existimari,
992 413 1095 456 lieet
1123 427 1270 455 omnes
1298 413 1538 455 etiamnum

43 503 45 506 Α
74 470 166 512 sint
184 469 643 524 ἀσεβεῖς.1ἰοιιι.4,5.,
681 470 743 512 ita
772 469 968 527 quidem,
1007 476 1056 512 ut
1082 470 1150 511 hic
1176 470 1255 511 illo
1285 470 1425 526 magis
1454 470 1535 511 mi-

74 540 211 568 nusve
237 527 298 568 sit
319 522 496 581 ἀσεβής.
563 526 771 568 Formula
799 527 997 569 δικαιοῦν
1022 541 1141 576 τινα,
1181 526 1234 568 de
1251 527 1350 568 Deo
1375 526 1538 584 posita,

73 597 221 639 quami
239 597 337 624 uam
366 580 506 623 Panlo
530 582 721 624 tecle-nica
749 588 841 635 est,
888 588 1036 625 tamen
1064 582 1119 624 ad
1148 583 1325 639 linguae
1353 596 1537 639 graecae

70 640 194 694 leges
244 652 322 680 ene
342 636 593 694 respondet.
649 637 820 679 Notant
837 639 952 680 enim
973 654 1039 683 vv.
1062 639 1212 681 in-o'w
1233 639 1439 682 exeuntia
1455 640 1539 682 ali-

136 709 202 736 em
220 694 280 750 (s,
298 692 489 750 aliquid)
507 694 640 735 talem
667 694 800 749 (tale)
824 694 992 750 facere,
1027 696 1173 751 qualis
1199 697 1373 753 (quale)
1401 700 1471 739 est
1494 696 1536 740 is

69 749 183 807 (ud),
220 749 335 793 unde
370 748 587 806 ejusmodi
624 764 666 794 v.
695 749 872 791 ductum
899 756 985 795 est.
1046 751 1115 796 Cf.
1142 753 1311 797 Buttm.
1341 755 1447 807 aussf.
1475 767 1536 810 gr.

70 809 262 863 Θρϊαῴῐ.
290 804 483 859 lI,308..
548 805 622 849 Sic
649 810 718 849 est
743 806 952 859 δουλοῦν,
991 804 1182 864 ὀρθοῦν,
1217 809 1415 864 τυφλοῦν
1436 823 1539 852 τινα

67 864 102 908 i.
125 878 169 921 q.
188 863 367 912 δοῦλον,
399 860 563 918 ὀρθόν,
589 858 758 918 τυφλόν
773 878 871 904 τινα
889 865 1050 907 ποιεῖν.
1118 862 1269 919 Quare
1289 860 1312 907 ὁ
1331 863 1442 915 θεὸς
1459 866 1537 909 δι·-

69 922 193 962 καιοῖ
207 935 306 961 τινα
324 920 444 962 valet
462 917 576 976 facit
592 920 713 961 Deus
729 919 914 976 aliquem
931 919 1145 975 inteqrum
1167 921 1263 976 (qui
1282 935 1368 964 non
1388 922 1449 964 sit
1465 921 1535 964 in-

67 981 195 1032 teger
212 976 268 1020 cf.
290 977 444 1034 snpra)
463 976 493 1021 i.
516 991 559 1032 q.
587 975 834 1018 declarat
860 976 923 1018 D.
952 976 1138 1034 aliquem
1161 977 1398 1032 intcyram,
1423 983 1536 1032 tra-

67 1039 185 1076 ctat
201 1034 262 1077 D.
281 1033 466 1090 aliquem
485 1039 542 1076 ut
560 1033 670 1075 inte
677 1046 737 1088 92·
746 1047 772 1074 u
782 1046 839 1076 m.
888 1030 1031 1076 Porro
1051 1032 1254 1089 quoniam
1277 1030 1536 1092 δικαιοσύνη

65 1104 93 1132 a
113 1088 169 1134 P.
186 1088 481 1132 commendari
507 1090 640 1131 solita
665 1103 688 1130 e
708 1086 794 1142 fide
822 1089 990 1143 oritur,
1028 1103 1122 1132 eam
1149 1094 1241 1131 tum
1272 1088 1351 1146 τὴν
1377 1089 1425 1133 ἐκ
1451 1089 1537 1132 πί-

69 1160 208 1196 στεως
230 1143 513 1202 δικαιοσύνην
529 1146 658 1189 Rom.
681 1147 747 1199 10,
757 1145 799 1189 5.
826 1147 1161 1202 (intem-itatem,
1199 1160 1309 1203 qaae
1331 1147 1537 1202 ore'yinem

68 1202 198 1256 afide
216 1202 397 1257 trahit),
426 1207 519 1244 tum
544 1202 624 1258 τὴν
649 1199 934 1258 δικαιοσύνην
957 1203 1055 1259 τῆς
1081 1201 1470 1252 πίστεωςΙῖοπι.
1489 1203 1536 1257 4,

72 1261 143 1303 11.
161 1260 218 1303 cl.
242 1259 310 1302 13.
338 1263 561 1316 nuncupat
589 1258 923 1313 (intem-itatem,
961 1273 1089 1316 qaam
1109 1257 1219 1313 fides
1241 1259 1400 1314 ρξᾳιιῖΐ,
1433 1273 1535 1314 pro-

63 1318 220 1371 creat).
282 1313 511 1358 Postremo
532 1316 634 1371 quia
651 1313 735 1356 fide
753 1318 879 1371 parta
910 1315 1166 1371 δικαιοσύνη
1186 1314 1327 1358 Paulo
1355 1319 1536 1359 auctore

65 1373 195 1415 unice
214 1386 316 1415 vera
336 1376 430 1425 est,
467 1372 566 1414 ficta
595 1376 767 1413 tantum
795 1375 840 1413 et
867 1370 1127 1414 adumbrata
1155 1372 1256 1426 illa,
1295 1369 1433 1429 quam'
1454 1371 1536 1417 Ju-

64 1429 165 1471 daei
182 1428 291 1471 hene
309 1429 439 1471 factis
460 1429 629 1485 acquiri
648 1442 778 1484 posse
797 1428 1114 1485 opinabantur,
1142 1428 1264 1470 illam
1293 1429 1337 1473 h.
1363 1430 1396 1472 l.
1427 1426 1538 1472 dicit

66 1483 351 1539 δικαιοσύνην
378 1486 492 1527 θεοῦ
516 1487 595 1540 (cf.
621 1485 751 1527 Rom.
780 1485 922 1539 10‚3.)
948 1485 1263 1540 intem-itatem,
1305 1500 1414 1540 qzcae
1438 1486 1535 1528 Deo

60 1539 285 1598 satisfacit
301 1540 433 1596 (hene
450 1541 688 1583 Leaherns:
719 1541 777 1584 bic
798 1542 1097 1598 &ctccbtigft'itf
1127 1544 1185 1586 bie
1215 1554 1288 1587 bot·
1309 1544 1413 1589 &ott
1440 1543 1533 1597 giu)

60 1598 193 1655 eique
217 1611 375 1640 vanam
400 1598 524 1639 illam
551 1596 818 1642 Iudaeorum
846 1597 1128 1652 δικαιοσύνην
1154 1598 1361 1655 opponit,
1402 1612 1534 1655 quam

58 1653 143 1711 τὴν
162 1651 279 1696 ἰδίαν
297 1654 383 1694 τῶν
393 1650 620 1697 Ἰουδαίων
639 1652 922 1709 δικαιοσύνην
942 1652 1071 1697 Rom.
1087 1655 1156 1706 10,
1165 1656 1207 1697 3.
1228 1655 1426 1712 appellat
1442 1656 1527 1699 i.e.

61 1709 379 1766 inteyritaterm
404 1725 513 1767 qaae
538 1709 762 1753 ,Iudaeis
777 1709 1007 1765 propria
1025 1714 1132 1763 est,
1160 1726 1222 1768 qu
1232 1726 1259 1753 a
1271 1725 1313 1752 m
1331 1712 1532 1767 opinio-

63 1767 152 1810 nis
180 1779 366 1809 errore
403 1767 509 1809 sibi
539 1766 734 1810 Judaei
768 1766 1089 1822 finxerant,
1135 1782 1270 1823 qaae
1303 1768 1533 1811 Jadaeis

61 1822 384 1879 satisfacit,
420 1838 520 1866 non
551 1824 677 1867 Deo.
747 1823 985 1876 Glerysost„
1033 1823 1220 1868 mazer.
1247 1824 1280 1868 l.
1305 1824 1338 1868 l.
1369 1839 1415 1882 p.
1444 1825 1533 1878 10„

63 1879 291 1923 Rueckert.
309 1880 370 1923 al.
389 1876 671 1935 δικαιοσύνην
686 1882 801 1922 θεοῦ
819 1880 1109 1934 inteyre‘tatcm
1121 1912 1133 1932 ‚
1171 1894 1301 1937 (lucem
1316 1882 1438 1923 Deus
1453 1881 1534 1923 dat

60 1935 309 1993 explicant,
348 1935 444 1978 nixi
469 1937 502 1980 l.
528 1935 649 1980 Phil.
677 1937 788 1989 3‚9..
847 1936 916 1978 At
939 1940 1250 1993 praeterquam
1280 1936 1398 1994 quod
1425 1937 1532 1980 haec

57 1992 370 2050 interpretatio
389 1992 519 2037 Rom.
543 1994 661 2046 l,l7.
682 1994 803 2045 3‚22.
824 1994 892 2044 10,
902 1992 944 2035 3.
973 1992 1117 2034 minus
1143 1998 1245 2050 apta
1276 1994 1382 2036 mihi
1407 1993 1531 2036 vide-

60 2053 151 2103 tur,
180 2064 274 2091 eam
291 2050 422 2106 plane
443 2050 616 2108 respuit
634 2051 666 2094 1.
686 2049 827 2094 2Cor.
848 2050 968 2103 5,21.
987 2074 1043 2080 —-
1070 2047 1141 2090 ἵνα
1163 2052 1286 2106 ἡμεῖς
1301 2046 1531 2106 γινώμεθα

61 2105 248 2148 δικαιο
261 2103 391 2162 σύνη
410 2108 550 2149 θεοῦ
568 2107 620 2163 (ἰ.
641 2122 685 2163 q.
703 2105 870 2149 δίκαιοι
889 2106 1012 2160 παρὰ
1029 2106 1091 2162 τῷ
1110 2107 1226 2162 θεῷ)
1248 2105 1292 2149 ἐν
1309 2102 1427 2161 αὐτῷ
1452 2107 1530 2148 fir-

61 2165 267 2219 mantque
296 2177 437 2205 meam
475 2164 692 2206 rationem
719 2163 934 2205 formulae
964 2163 1255 2205 δικαιοῦσθαι
1294 2161 1531 2205 ἐνώπιον

57 2219 198 2260 θεοῦ
227 2219 359 2264 Rom.
385 2219 508 2274 3‚20.
537 2220 830 2263 δικαιοῦσθαι
856 2218 1011 2275 παρὰ
1036 2219 1106 2275 τῷ
1132 2220 1243 2274 θεῷ
1270 2218 1373 2262 Gal.
1402 2218 1529 2272 3‚ll.

57 2273 291 2329 (intem-nm
304 2275 404 2329 fieri
420 2277 516 2319 Deo
528 2276 703 2333 judice,
740 2292 768 2319 a
784 2277 879 2319 Deo
905 2276 1117 2329 inteyram.
1137 2274 1355 2330 judicari)
1381 2279 1426 2317 et
1454 2273 1529 2317 δι’-

59 2343 186 2370 καιον
206 2324 317 2373 εἶναι
333 2335 483 2389 παρὰ
508 2334 581 2390 τῷ
606 2333 718 2389 θεῷ
743 2333 873 2376 Rom.
899 2332 1041 2384 2‚13..
1100 2331 1246 2387 Quum
1277 2337 1423 2373 autem
1449 2346 1528 2374 ne·-

58 2385 254 2427 cessario
274 2386 331 2428 ad
347 2388 640 2445 integritatis,
680 2405 791 2446 quae
810 2389 910 2431 Deo
938 2389 1130 2444 placeat,
1168 2387 1443 2445 adeptionem
1473 2389 1528 2430 fi-

59 2439 138 2483 des
160 2441 373 2485 Christum
398 2447 666 2500 eoepiatorem
692 2447 764 2504 pie
792 2445 1108 2503 complectatur
1134 2445 1213 2500 (cf.
1243 2446 1420 2502 supra),
1453 2460 1525 2488 re—

58 2501 127 2539 ete
145 2497 258 2539 hunc
278 2498 556 2557 δικαιοσύνην
580 2499 699 2560 ἡμῶν
726 2503 778 2558 (i.
805 2517 844 2546 e.
869 2501 1140 2555 integritatis
1167 2506 1344 2544 nostrae
1373 2507 1526 2545 aueto-

56 2556 172 2608 rem)
201 2555 430 2598 exstitisse
462 2559 486 2598 1
513 2558 614 2602 Cor.
643 2559 762 2611 1‚30.
790 2558 843 2602 Ρ.
874 2556 1112 2600 contendit.
1176 2556 1358 2612 Restat,
1393 2563 1444 2600 ut
1469 2558 1524 2602 de

52 2611 134 2667 τῆς
153 2609 434 2668 δικαιοσύνης
453 2615 758 2657 emolumentis
781 2615 937 2658 dicam.
997 2612 1124 2668 Quae
1144 2628 1274 2669 quum
1296 2615 1340 2656 in
1361 2630 1412 2657 eo
1428 2630 1526 2658 eer-

54 2672 209 2720 natur,
240 2672 288 2709 ut
309 2670 506 2724 quamvis
525 2685 609 2712 non
633 2673 695 2712 sis
716 2672 908 2725 integer,
936 2675 1082 2711 tamen
1101 2670 1156 2711 oh
1177 2670 1306 2714 fidem
1326 2672 1371 2714 in
1396 2672 1527 2716 Chri-

56 2728 125 2765 sto
164 2725 418 2766 collocatam
452 2727 636 2781 benigne
667 2743 689 2768 a
719 2727 818 2768 Deo
850 2729 1020 2781 integer
1048 2726 1276 2782 habearis,
1321 2730 1526 2784 emergit,

54 2782 116 2844 ’.τῷ
133 2776 182 2822 ἐκ
200 2781 393 2831 πίστεως
410 2781 565 2839 δικαίῳ
594 2798 735 2839 neque
765 2788 939 2840 peccata
965 2782 1112 2824 fraudi
1138 2798 1235 2827 esse
1261 2800 1394 2843 posse
1420 2788 1522 2843 (pro

54 2842 227 2879 insonte
247 2838 361 2881 enim
381 2844 424 2881 et
447 2839 656 2895 quinihii
675 2840 914 2897 deliquerit
931 2839 1135 2897 habetur)
1160 2856 1300 2898 neque
1325 2842 1367 2884 ei
1393 2841 1522 2897 quid-
