1889 3428
608 167 1063 213 PRAEFATIO.
1516 191 1571 217 vn

101 298 191 344 que
221 282 461 328 sententiis
490 279 669 325 summa
703 280 945 338 relligione
976 297 1081 326 cum
1113 281 1168 326 iis
1197 283 1402 339 collatis,
1451 302 1569 346 quae

101 371 202 406 tum
231 361 319 422 ipsi
351 359 564 420 scriptori
596 369 692 404 tum
732 359 831 418 ejus
868 360 1141 421 aequalibus
1170 362 1432 421 placuerint
1468 367 1567 411 erui

102 457 199 485 non
219 451 383 500 potest.
449 438 504 485 In
533 436 621 484 hoc
643 455 808 498 genere
827 456 990 495 nemo,
1036 441 1104 486 uti
1127 457 1259 500 spero
1274 479 1286 497 ‚
1323 459 1473 488 meam
1493 445 1569 488 di-

100 522 339 581 ligentiam
367 520 649 565 desiderabit
679 520 1063 581 reperienturque
1104 521 1294 566 sortasse
1342 518 1419 566 hic
1448 539 1568 584 quo—

97 617 188 662 que
208 600 437 645 nonnulla
453 637 465 655 ‚
516 616 632 660 quae
653 598 710 645 N.
735 599 791 646 Τ.
813 601 1125 658 grammaticis
1155 611 1200 647 et
1229 600 1567 662 lexicographis

96 680 340 739 profutura
361 680 469 726 sint.
538 678 747 724 Tametsi
778 680 904 723 enim
926 679 1094 725 Lexica
1117 680 1172 728 N.
1197 680 1252 727 T.
1280 684 1441 728 multis
1462 702 1564 729 mo-

94 760 167 804 dis
196 775 347 819 nuper
376 760 619 803 emendata
651 768 782 813 sunt,
838 768 993 804 tamen
1027 760 1413 807 difficillimorum
1447 779 1567 824 quo—

95 855 292 900 rumque
321 838 659 884 vocabulorum
689 838 951 897 explanatio
981 838 1075 882 sere
1104 839 1308 896 neglecta
1339 841 1456 898 jacet
1481 857 1566 886 ne-

93 934 208 978 que,
240 917 278 961 si
299 934 324 962 a
350 916 594 963 nonnullis
613 916 659 963 b.
681 915 946 962 Tittmanni
967 916 1372 963 observationibus
1393 918 1565 964 disces—

91 995 218 1050 seris,
252 995 381 1039 aliud
404 994 663 1055 quidquam
686 994 778 1037 nisi
800 991 1008 1038 Fischeri
1028 994 1216 1038 inventa
1239 995 1564 1053 propinantur.

91 1069 227 1128 Quae
253 1086 326 1115 res
346 1070 610 1128 cujusmodi
637 1071 696 1115 sit
724 1072 946 1131 quoniam
978 1087 1029 1115 ex
1060 1069 1163 1114 mea
1184 1069 1338 1115 Marci
1359 1072 1564 1117 editione

91 1149 292 1207 intelligi
312 1158 486 1208 potest,
530 1151 624 1194 duo
647 1159 830 1195 tantum
852 1151 1079 1195 vocabula
1112 1151 1161 1194 in
1182 1151 1340 1195 lexicis
1371 1160 1563 1197 tractata

89 1243 427 1281 commemoro,
462 1225 649 1289 ἐριθεία
671 1237 715 1272 et
736 1227 1126 1292 ἐγκομβοῦσθαι.
1197 1225 1456 1274 Summam
1480 1246 1565 1275 au-

90 1311 183 1347 tem
204 1319 229 1346 a
250 1301 387 1347 Pauli
414 1303 666 1362 interprete
697 1305 990 1361 diligentiam
1021 1306 1070 1349 in
1091 1306 1247 1351 verbis
1267 1313 1399 1351 recte'
1419 1315 1464 1351 et
1486 1324 1563 1351 ex-

89 1381 321 1440 plicandis
360 1390 402 1425 et
445 1382 770 1426 consociandis
811 1379 1128 1427 adhibendam
1175 1399 1271 1428 esse
1312 1386 1562 1432 contendo.

86 1458 208 1503 Nam
228 1474 372 1519 quum
393 1456 450 1502 D.
470 1457 644 1502 Paulus
665 1468 821 1504 mente
843 1460 1029 1504 subtilis
1052 1461 1135 1515 sit,
1183 1463 1336 1506 verbis
1358 1472 1491 1522 aptus
1520 1474 1564 1509 et

87 1553 286 1597 pressuS‚
318 1537 652 1582 sententiarum
674 1537 937 1598 frequentia
959 1539 1120 1583 creber
1139 1549 1184 1584 et
1205 1548 1302 1584 toto
1325 1541 1563 1585 scribendi

85 1630 252 1673 genere
272 1615 544 1669 concitatus,
564 1614 762 1658 minima
782 1631 831 1658 re
852 1615 1061 1672 neglecta
1084 1624 1180 1660 tota
1199 1631 1331 1676 saepe
1352 1618 1563 1663 acutissi-

85 1694 153 1737 mi
173 1690 392 1754 Apostoli
421 1693 673 1752 disputatio
704 1693 1003 1752 pervertitur.
1074 1692 1258 1738 Deinde
1289 1693 1425 1740 Pauli
1455 1712 1562 1740 sen-

87 1775 253 1821 tentias
283 1775 533 1832 diligenter
562 1772 788 1833 explicavi
818 1772 882 1817 ita
910 1782 962 1817 ut
993 1789 1151 1817 earum
1173 1773 1293 1828 vim,
1331 1775 1561 1819 rationem

85 1861 130 1897 et
149 1868 254 1897 cum
264 1849 466 1895 Paulina
485 1850 687 1894 formula
700 1849 1054 1894 consensionem
1075 1851 1377 1910 exquirerem.
1435 1850 1562 1897 Lau-

85 1932 171 1985 do,
216 1931 343 1991 quod
373 1929 424 1973 in
443 1926 566 1973 hanc
586 1945 684 1973 rem
705 1945 831 1973 nunc
852 1928 957 1987 plus
988 1928 1216 1972 acuminis
1238 1938 1281 1974 et
1301 1928 1560 1974 industriae

85 2013 288 2059 conferri
309 2013 449 2068 solet,
484 2028 625 2072 quam
646 2011 782 2056 olim:
819 2019 1024 2055 ceterum
1053 2005 1167 2053 haec
1188 2026 1373 2070 quoque
1396 2010 1559 2069 dispu-

84 2092 200 2137 tatio
231 2107 284 2135 ex
308 2088 522 2135 accurata
551 2105 713 2133 eorum
744 2089 978 2141 locorum,
1026 2103 1078 2130 ex
1108 2087 1280 2146 quibus
1311 2087 1560 2145 colligitur,

87 2171 467 2231 interpretatione
488 2184 710 2228 suspensa
732 2177 810 2212 est.
881 2166 1041 2223 Quare
1059 2162 1362 2210 vehementer
1390 2176 1559 2221 errant,

84 2250 167 2311 qui
186 2251 256 2294 vel
282 2249 405 2294 acuti
427 2244 697 2308 philosophi
718 2247 791 2290 vel
812 2244 1045 2303 ingeniosi
1065 2240 1271 2300 theologi
1300 2243 1472 2287 famam
1494 2243 1559 2288 ita

85 2343 132 2371 se
161 2329 437 2373 collecturos
467 2335 655 2386 sperant
684 2334 736 2370 ut
764 2326 821 2369 de
841 2323 981 2368 Pauli
1010 2323 1250 2367 sententiis
1281 2321 1428 2366 Paulo
1460 2338 1558 2366 non

85 2405 321 2449 intellecto
342 2405 487 2449 multa
510 2414 683 2449 temere
705 2404 935 2448 effutiant.
1004 2401 1134 2458 Quin
1167 2400 1305 2444 etiam
1337 2401 1386 2444 in
1420 2401 1477 2445 iis
1497 2401 1558 2445 li-

86 2483 208 2537 bris,
241 2481 412 2542 quihus
432 2480 570 2525 Pauli
590 2481 843 2525 formulam
865 2479 1124 2523 dilucidare
1157 2477 1379 2521 nonnulli
1404 2494 1556 2538 nuper

86 2560 241 2606 conati
261 2567 391 2613 sunt,
434 2556 560 2603 haud
581 2574 753 2618 paucos
780 2573 958 2602 errores
989 2555 1213 2615 reperias,
1247 2572 1364 2615 quos
1387 2572 1554 2615 parum

86 2649 299 2686 accurata
320 2639 641 2697 interpretatio
664 2636 910 2696 pepererit.
977 2633 1104 2679 Tum
1125 2633 1280 2677 animo
1311 2649 1336 2677 a
1367 2634 1555 2694 praeju-

87 2720 249 2766 dicatis
287 2716 592 2777 opinionibus
632 2706 799 2760 libero'
823 2712 1088 2773 interpretis
1136 2727 1328 2756 munere
1366 2713 1554 2758 functus

88 2814 182 2843 esse
202 2794 323 2842 mihi
343 2796 522 2848 videor,
559 2809 883 2855 quamcunque
904 2790 1178 2838 sententiam
1199 2790 1399 2848 diligens
1418 2807 1551 2851 prae-⁴
