<?xml version="1.0" encoding="UTF-8"?>
<!DOCTYPE html PUBLIC "-//W3C//DTD XHTML 1.0 Transitional//EN"
    "http://www.w3.org/TR/xhtml1/DTD/xhtml1-transitional.dtd">
<html xmlns="http://www.w3.org/1999/xhtml" xml:lang="en" lang="en">
 <head>
  <title>
</title>
<meta http-equiv="Content-Type" content="text/html;charset=utf-8" />
  <meta name='ocr-system' content='tesseract 3.04.00' />
  <meta name='ocr-capabilities' content='ocr_page ocr_carea ocr_par ocr_line ocrx_word'/>
</head>
<body>
  <div class='ocr_page' id='page_1' title='image "./pauliadromanosep01frituoft_0032.png"; bbox 0 0 1752 3347; ppageno 0'>
   <div class='ocr_carea' id='block_1_1' title="bbox 219 180 1251 235">
    <p class='ocr_par' dir='ltr' id='par_1_1' title="bbox 219 180 1251 235">
     <span class='ocr_line' id='line_1_1' title="bbox 219 180 1251 235; baseline -0.003 -1"><span class='ocrx_word' id='word_1_1' title='bbox 219 202 321 235; x_wconf 73' lang='lat' dir='ltr'>xxvi</span> <span class='ocrx_word' id='word_1_2' title='bbox 666 180 1251 233; x_wconf 74' lang='lat' dir='ltr'><strong>PROLEGOMBNA.</strong></span> 
     </span>
    </p>
   </div>
   <div class='ocr_carea' id='block_1_2' title="bbox 192 288 1693 2907">
    <p class='ocr_par' dir='ltr' id='par_1_2' title="bbox 192 288 1693 2907">
     <span class='ocr_line' id='line_1_2' title="bbox 217 288 1693 349; baseline -0.003 -11"><span class='ocrx_word' id='word_1_3' title='bbox 217 298 353 349; x_wconf 77' lang='lat' dir='ltr'>Lugd.</span> <span class='ocrx_word' id='word_1_4' title='bbox 380 296 476 342; x_wconf 79' lang='lat' dir='ltr'>But.</span> <span class='ocrx_word' id='word_1_5' title='bbox 496 296 607 339; x_wconf 85' lang='lat'>1616</span> <span class='ocrx_word' id='word_1_6' title='bbox 627 295 657 338; x_wconf 78' lang='lat' dir='ltr'><strong>f.</strong></span> <span class='ocrx_word' id='word_1_7' title='bbox 701 292 821 335; x_wconf 88' lang='lat' dir='ltr'>Rom.</span> <span class='ocrx_word' id='word_1_8' title='bbox 844 292 911 345; x_wconf 89' lang='lat'>11,</span> <span class='ocrx_word' id='word_1_9' title='bbox 929 291 1025 345; x_wconf 72' lang='lat'>22,</span> <span class='ocrx_word' id='word_1_10' title='bbox 1062 291 1164 335; x_wconf 84' lang='lat' dir='ltr'>ibid.</span> <span class='ocrx_word' id='word_1_11' title='bbox 1195 304 1237 344; x_wconf 91' lang='lat' dir='ltr'>p.</span> <span class='ocrx_word' id='word_1_12' title='bbox 1256 290 1326 332; x_wconf 87' lang='lat'>88.</span> <span class='ocrx_word' id='word_1_13' title='bbox 1362 288 1483 334; x_wconf 84' lang='lat' dir='ltr'>Rom.</span> <span class='ocrx_word' id='word_1_14' title='bbox 1501 291 1544 344; x_wconf 82' lang='grc'>3,</span> <span class='ocrx_word' id='word_1_15' title='bbox 1558 292 1611 335; x_wconf 92' lang='grc'>21</span> <span class='ocrx_word' id='word_1_16' title='bbox 1628 305 1693 347; x_wconf 77' lang='lat' dir='ltr'>sq.</span> 
     </span>
     <span class='ocr_line' id='line_1_3' title="bbox 217 348 1693 406; baseline -0.004 -11"><span class='ocrx_word' id='word_1_17' title='bbox 217 362 257 395; x_wconf 90' lang='lat' dir='ltr'>et</span> <span class='ocrx_word' id='word_1_18' title='bbox 274 356 316 406; x_wconf 91' lang='lat'>7,</span> <span class='ocrx_word' id='word_1_19' title='bbox 335 355 428 406; x_wconf 68' lang='lat'>12„</span> <span class='ocrx_word' id='word_1_20' title='bbox 467 369 503 399; x_wconf 82' lang='lat' dir='ltr'>o.</span> <span class='ocrx_word' id='word_1_21' title='bbox 523 354 568 396; x_wconf 86' lang='lat'><strong>9.</strong></span> <span class='ocrx_word' id='word_1_22' title='bbox 606 367 647 406; x_wconf 98' lang='grc' dir='ltr'><strong>Ρ.</strong></span> <span class='ocrx_word' id='word_1_23' title='bbox 666 351 740 393; x_wconf 80' lang='grc'>92.</span> <span class='ocrx_word' id='word_1_24' title='bbox 777 349 897 391; x_wconf 86' lang='lat' dir='ltr'>Rom.</span> <span class='ocrx_word' id='word_1_25' title='bbox 922 350 990 401; x_wconf 82' lang='lat'>13,</span> <span class='ocrx_word' id='word_1_26' title='bbox 1007 348 1076 402; x_wconf 79' lang='grc'>4.,</span> <span class='ocrx_word' id='word_1_27' title='bbox 1114 349 1144 391; x_wconf 87' lang='lat' dir='ltr'>l.</span> <span class='ocrx_word' id='word_1_28' title='bbox 1166 348 1217 390; x_wconf 86' lang='lat' dir='ltr'>ll.</span> <span class='ocrx_word' id='word_1_29' title='bbox 1245 362 1280 388; x_wconf 90' lang='lat' dir='ltr'>e.</span> <span class='ocrx_word' id='word_1_30' title='bbox 1307 349 1349 390; x_wconf 91' lang='grc'>1.</span> <span class='ocrx_word' id='word_1_31' title='bbox 1380 361 1419 399; x_wconf 89' lang='grc' dir='ltr'><strong>Ρ.</strong></span> <span class='ocrx_word' id='word_1_32' title='bbox 1442 348 1539 390; x_wconf 88' lang='grc'><strong>104.</strong></span> <span class='ocrx_word' id='word_1_33' title='bbox 1568 350 1693 393; x_wconf 79' lang='lat' dir='ltr'>Rom.</span> 
     </span>
     <span class='ocr_line' id='line_1_4' title="bbox 215 404 1693 463; baseline -0.003 -11"><span class='ocrx_word' id='word_1_34' title='bbox 215 411 288 463; x_wconf 85' lang='lat'>14,</span> <span class='ocrx_word' id='word_1_35' title='bbox 311 412 380 454; x_wconf 87' lang='lat'>16.</span> <span class='ocrx_word' id='word_1_36' title='bbox 403 411 497 462; x_wconf 88' lang='grc'><strong>17.,</strong></span> <span class='ocrx_word' id='word_1_37' title='bbox 527 408 749 458; x_wconf 79' lang='lat' dir='ltr'>Strom.1.‚</span> <span class='ocrx_word' id='word_1_38' title='bbox 781 420 821 458; x_wconf 90' lang='grc' dir='ltr'><strong>Ρ.</strong></span> <span class='ocrx_word' id='word_1_39' title='bbox 841 406 940 447; x_wconf 85' lang='lat'>232.</span> <span class='ocrx_word' id='word_1_40' title='bbox 971 404 1089 447; x_wconf 84' lang='lat' dir='ltr'>Rom.</span> <span class='ocrx_word' id='word_1_41' title='bbox 1104 406 1146 457; x_wconf 91' lang='lat'>2,</span> <span class='ocrx_word' id='word_1_42' title='bbox 1165 404 1257 457; x_wconf 65' lang='lat'>14„</span> <span class='ocrx_word' id='word_1_43' title='bbox 1288 404 1357 454; x_wconf 85' lang='lat' dir='ltr'>Ill,</span> <span class='ocrx_word' id='word_1_44' title='bbox 1387 417 1427 456; x_wconf 87' lang='grc' dir='ltr'><strong>Ρ.</strong></span> <span class='ocrx_word' id='word_1_45' title='bbox 1443 404 1542 447; x_wconf 85' lang='grc'><strong>316.</strong></span> <span class='ocrx_word' id='word_1_46' title='bbox 1569 406 1693 451; x_wconf 85' lang='lat' dir='ltr'>Rom.</span> 
     </span>
     <span class='ocr_line' id='line_1_5' title="bbox 215 461 1691 522; baseline -0.003 -13"><span class='ocrx_word' id='word_1_47' title='bbox 215 471 261 522; x_wconf 88' lang='lat'>7,</span> <span class='ocrx_word' id='word_1_48' title='bbox 280 467 374 518; x_wconf 88' lang='grc'><strong>24.,</strong></span> <span class='ocrx_word' id='word_1_49' title='bbox 412 481 452 519; x_wconf 87' lang='grc' dir='ltr'><strong>Ρ.</strong></span> <span class='ocrx_word' id='word_1_50' title='bbox 474 467 572 508; x_wconf 85' lang='grc'><strong>322.</strong></span> <span class='ocrx_word' id='word_1_51' title='bbox 607 466 728 507; x_wconf 77' lang='lat' dir='ltr'>Rom.</span> <span class='ocrx_word' id='word_1_52' title='bbox 750 462 793 516; x_wconf 89' lang='lat'>3,</span> <span class='ocrx_word' id='word_1_53' title='bbox 819 464 883 512; x_wconf 86' lang='lat'>8.,</span> <span class='ocrx_word' id='word_1_54' title='bbox 923 476 966 514; x_wconf 88' lang='lat' dir='ltr'>p.</span> <span class='ocrx_word' id='word_1_55' title='bbox 983 462 1083 503; x_wconf 82' lang='grc'><strong>330.</strong></span> <span class='ocrx_word' id='word_1_56' title='bbox 1114 462 1232 502; x_wconf 85' lang='lat' dir='ltr'>Rom.</span> <span class='ocrx_word' id='word_1_57' title='bbox 1251 462 1292 512; x_wconf 80' lang='lat'>5,</span> <span class='ocrx_word' id='word_1_58' title='bbox 1312 461 1404 512; x_wconf 89' lang='lat'>12.,</span> <span class='ocrx_word' id='word_1_59' title='bbox 1440 462 1691 509; x_wconf 84' lang='lat' dir='ltr'>Tertullian.</span> 
     </span>
     <span class='ocr_line' id='line_1_6' title="bbox 216 516 1689 573; baseline -0.003 -8"><span class='ocrx_word' id='word_1_60' title='bbox 216 528 312 567; x_wconf 80' lang='lat' dir='ltr'>adv.</span> <span class='ocrx_word' id='word_1_61' title='bbox 338 525 528 565; x_wconf 79' lang='lat' dir='ltr'>Praxean</span> <span class='ocrx_word' id='word_1_62' title='bbox 557 538 594 565; x_wconf 89' lang='lat' dir='ltr'><strong>c.</strong></span> <span class='ocrx_word' id='word_1_63' title='bbox 616 522 686 563; x_wconf 93' lang='grc'>10.</span> <span class='ocrx_word' id='word_1_64' title='bbox 706 519 774 560; x_wconf 88' lang='lat' dir='ltr'>fin.</span> <span class='ocrx_word' id='word_1_65' title='bbox 805 533 848 571; x_wconf 88' lang='lat' dir='ltr'>p.</span> <span class='ocrx_word' id='word_1_66' title='bbox 865 519 965 560; x_wconf 89' lang='grc'><strong>416.</strong></span> <span class='ocrx_word' id='word_1_67' title='bbox 995 520 1079 572; x_wconf 88' lang='lat' dir='ltr'>(ed.</span> <span class='ocrx_word' id='word_1_68' title='bbox 1097 516 1313 560; x_wconf 78' lang='lat' dir='ltr'>Frobem‘i</span> <span class='ocrx_word' id='word_1_69' title='bbox 1330 517 1463 560; x_wconf 83' lang='lat' dir='ltr'>Basil.</span> <span class='ocrx_word' id='word_1_70' title='bbox 1485 518 1613 561; x_wconf 81' lang='lat'>1562.</span> <span class='ocrx_word' id='word_1_71' title='bbox 1629 521 1689 573; x_wconf 79' lang='lat' dir='ltr'>f.,</span> 
     </span>
     <span class='ocr_line' id='line_1_7' title="bbox 213 573 1691 632; baseline -0.005 -10"><span class='ocrx_word' id='word_1_72' title='bbox 213 596 319 632; x_wconf 86' lang='lat' dir='ltr'>non,</span> <span class='ocrx_word' id='word_1_73' title='bbox 357 589 400 622; x_wconf 87' lang='lat' dir='ltr'>ut</span> <span class='ocrx_word' id='word_1_74' title='bbox 426 579 644 623; x_wconf 79' lang='lat' dir='ltr'>Reiohius</span> <span class='ocrx_word' id='word_1_75' title='bbox 669 577 727 618; x_wconf 78' lang='lat' dir='ltr'>ait</span> <span class='ocrx_word' id='word_1_76' title='bbox 747 576 778 629; x_wconf 88' lang='lat'>1,</span> <span class='ocrx_word' id='word_1_77' title='bbox 800 575 893 627; x_wconf 68' lang='lat'>24„</span> <span class='ocrx_word' id='word_1_78' title='bbox 936 577 998 618; x_wconf 88' lang='lat' dir='ltr'>ed.</span> <span class='ocrx_word' id='word_1_79' title='bbox 1020 573 1222 629; x_wconf 52' lang='lat' dir='ltr'>Rhana)</span> <span class='ocrx_word' id='word_1_80' title='bbox 1261 573 1382 618; x_wconf 87' lang='lat' dir='ltr'>Rom.</span> <span class='ocrx_word' id='word_1_81' title='bbox 1410 575 1452 626; x_wconf 83' lang='grc'>9,</span> <span class='ocrx_word' id='word_1_82' title='bbox 1480 576 1546 627; x_wconf 86' lang='grc'>5.,</span> <span class='ocrx_word' id='word_1_83' title='bbox 1587 576 1691 620; x_wconf 82' lang='lat' dir='ltr'>ibid.</span> 
     </span>
     <span class='ocr_line' id='line_1_8' title="bbox 213 631 1691 690; baseline -0.003 -11"><span class='ocrx_word' id='word_1_84' title='bbox 213 655 252 681; x_wconf 84' lang='lat' dir='ltr'>e.</span> <span class='ocrx_word' id='word_1_85' title='bbox 276 639 346 680; x_wconf 89' lang='grc'>17.</span> <span class='ocrx_word' id='word_1_86' title='bbox 377 652 418 690; x_wconf 84' lang='grc' dir='ltr'><strong>Ρ.</strong></span> <span class='ocrx_word' id='word_1_87' title='bbox 436 637 540 680; x_wconf 87' lang='grc'><strong>428.</strong></span> <span class='ocrx_word' id='word_1_88' title='bbox 570 636 691 677; x_wconf 85' lang='lat' dir='ltr'>Rom.</span> <span class='ocrx_word' id='word_1_89' title='bbox 712 636 753 686; x_wconf 92' lang='grc'>1,</span> <span class='ocrx_word' id='word_1_90' title='bbox 774 634 840 686; x_wconf 90' lang='grc'>8.,</span> <span class='ocrx_word' id='word_1_91' title='bbox 879 634 925 672; x_wconf 87' lang='lat' dir='ltr'>de</span> <span class='ocrx_word' id='word_1_92' title='bbox 946 632 1098 673; x_wconf 65' lang='lat' dir='ltr'>corona</span> <span class='ocrx_word' id='word_1_93' title='bbox 1115 631 1257 673; x_wconf 85' lang='lat' dir='ltr'>militis</span> <span class='ocrx_word' id='word_1_94' title='bbox 1282 646 1316 673; x_wconf 88' lang='lat' dir='ltr'><strong>c.</strong></span> <span class='ocrx_word' id='word_1_95' title='bbox 1338 631 1382 674; x_wconf 88' lang='lat'><strong>5.</strong></span> <span class='ocrx_word' id='word_1_96' title='bbox 1405 631 1494 673; x_wconf 83' lang='lat' dir='ltr'>init.</span> <span class='ocrx_word' id='word_1_97' title='bbox 1523 646 1566 685; x_wconf 90' lang='grc' dir='ltr'><strong>Ρ.</strong></span> <span class='ocrx_word' id='word_1_98' title='bbox 1585 632 1691 676; x_wconf 83' lang='grc'><strong>450.</strong></span> 
     </span>
     <span class='ocr_line' id='line_1_9' title="bbox 212 688 1689 746; baseline -0.003 -10"><span class='ocrx_word' id='word_1_99' title='bbox 212 696 333 738; x_wconf 88' lang='lat' dir='ltr'>Rom.</span> <span class='ocrx_word' id='word_1_100' title='bbox 353 695 394 746; x_wconf 87' lang='lat'>2,</span> <span class='ocrx_word' id='word_1_101' title='bbox 415 693 510 745; x_wconf 66' lang='lat'>14„</span> <span class='ocrx_word' id='word_1_102' title='bbox 547 707 598 734; x_wconf 89' lang='lat' dir='ltr'>ne</span> <span class='ocrx_word' id='word_1_103' title='bbox 627 692 749 744; x_wconf 87' lang='lat' dir='ltr'>plura</span> <span class='ocrx_word' id='word_1_104' title='bbox 780 691 932 731; x_wconf 82' lang='lat' dir='ltr'>diserta</span> <span class='ocrx_word' id='word_1_105' title='bbox 963 689 1192 731; x_wconf 88' lang='lat' dir='ltr'>testimonia</span> <span class='ocrx_word' id='word_1_106' title='bbox 1218 689 1430 730; x_wconf 82' lang='lat' dir='ltr'>cumulem.</span> <span class='ocrx_word' id='word_1_107' title='bbox 1489 688 1689 740; x_wconf 71' lang='lat' dir='ltr'>Origenes</span> 
     </span>
     <span class='ocr_line' id='line_1_10' title="bbox 212 744 1688 803; baseline -0.004 -9"><span class='ocrx_word' id='word_1_108' title='bbox 212 758 425 794; x_wconf 80' lang='lat' dir='ltr'>eomment.</span> <span class='ocrx_word' id='word_1_109' title='bbox 453 751 495 790; x_wconf 86' lang='lat' dir='ltr'>in</span> <span class='ocrx_word' id='word_1_110' title='bbox 516 762 582 803; x_wconf 82' lang='lat' dir='ltr'>ep.</span> <span class='ocrx_word' id='word_1_111' title='bbox 608 749 654 790; x_wconf 84' lang='lat' dir='ltr'><strong>S.</strong></span> <span class='ocrx_word' id='word_1_112' title='bbox 670 748 718 790; x_wconf 89' lang='lat' dir='ltr'>P.</span> <span class='ocrx_word' id='word_1_113' title='bbox 741 749 793 788; x_wconf 82' lang='lat' dir='ltr'>ad</span> <span class='ocrx_word' id='word_1_114' title='bbox 810 747 933 789; x_wconf 88' lang='lat' dir='ltr'>Rom.</span> <span class='ocrx_word' id='word_1_115' title='bbox 950 746 1084 789; x_wconf 68' lang='lat' dir='ltr'>Praei.</span> <span class='ocrx_word' id='word_1_116' title='bbox 1113 754 1150 787; x_wconf 91' lang='lat' dir='ltr'>et</span> <span class='ocrx_word' id='word_1_117' title='bbox 1168 746 1371 787; x_wconf 82' lang='lat' dir='ltr'>Eusebius</span> <span class='ocrx_word' id='word_1_118' title='bbox 1401 744 1455 787; x_wconf 87' lang='grc' dir='ltr'><strong>Η.</strong></span> <span class='ocrx_word' id='word_1_119' title='bbox 1485 746 1534 789; x_wconf 91' lang='lat' dir='ltr'><strong>E.</strong></span> <span class='ocrx_word' id='word_1_120' title='bbox 1553 747 1596 798; x_wconf 80' lang='lat'>3,</span> <span class='ocrx_word' id='word_1_121' title='bbox 1614 747 1688 788; x_wconf 87' lang='lat'>25.</span> 
     </span>
     <span class='ocr_line' id='line_1_11' title="bbox 210 803 1685 856; baseline -0.005 -5"><span class='ocrx_word' id='word_1_122' title='bbox 210 808 333 851; x_wconf 82' lang='lat' dir='ltr'>Pauli</span> <span class='ocrx_word' id='word_1_123' title='bbox 353 809 405 849; x_wconf 90' lang='lat' dir='ltr'>ad</span> <span class='ocrx_word' id='word_1_124' title='bbox 425 806 543 848; x_wconf 91' lang='lat' dir='ltr'>Rom.</span> <span class='ocrx_word' id='word_1_125' title='bbox 561 807 704 847; x_wconf 76' lang='lat' dir='ltr'><strong>literas</strong></span> <span class='ocrx_word' id='word_1_126' title='bbox 725 804 893 856; x_wconf 76' lang='lat' dir='ltr'>seriptis</span> <span class='ocrx_word' id='word_1_127' title='bbox 919 811 1185 844; x_wconf 80' lang='lat' dir='ltr'>annumerant</span> <span class='ocrx_word' id='word_1_128' title='bbox 1203 804 1255 843; x_wconf 82' lang='lat' dir='ltr'>ab</span> <span class='ocrx_word' id='word_1_129' title='bbox 1273 803 1507 855; x_wconf 87' lang='lat' dir='ltr'>Apostolis,</span> <span class='ocrx_word' id='word_1_130' title='bbox 1537 803 1685 855; x_wconf 84' lang='lat' dir='ltr'>quibus</span> 
     </span>
     <span class='ocr_line' id='line_1_12' title="bbox 210 859 1688 919; baseline -0.003 -13"><span class='ocrx_word' id='word_1_131' title='bbox 210 867 335 919; x_wconf 74' lang='lat' dir='ltr'>vulgo</span> <span class='ocrx_word' id='word_1_132' title='bbox 363 865 615 915; x_wconf 85' lang='lat' dir='ltr'>tribuuntur,</span> <span class='ocrx_word' id='word_1_133' title='bbox 651 862 828 904; x_wconf 89' lang='lat' dir='ltr'>omnium</span> <span class='ocrx_word' id='word_1_134' title='bbox 848 874 1050 902; x_wconf 79' lang='lat' dir='ltr'>consensu</span> <span class='ocrx_word' id='word_1_135' title='bbox 1070 861 1279 901; x_wconf 80' lang='lat' dir='ltr'>confectis.</span> <span class='ocrx_word' id='word_1_136' title='bbox 1327 859 1527 900; x_wconf 83' lang='lat' dir='ltr'>Ebionaei</span> <span class='ocrx_word' id='word_1_137' title='bbox 1557 860 1688 911; x_wconf 85' lang='lat' dir='ltr'>(lren.</span> 
     </span>
     <span class='ocr_line' id='line_1_13' title="bbox 210 916 1688 973; baseline -0.005 -9"><span class='ocrx_word' id='word_1_138' title='bbox 210 926 306 964; x_wconf 74' lang='lat' dir='ltr'>adv,</span> <span class='ocrx_word' id='word_1_139' title='bbox 322 921 493 962; x_wconf 87' lang='lat' dir='ltr'>Haeres.</span> <span class='ocrx_word' id='word_1_140' title='bbox 513 922 553 973; x_wconf 94' lang='lat' dir='ltr'>l,</span> <span class='ocrx_word' id='word_1_141' title='bbox 573 921 645 971; x_wconf 82' lang='lat'>26,</span> <span class='ocrx_word' id='word_1_142' title='bbox 664 920 730 969; x_wconf 88' lang='lat'>2.,</span> <span class='ocrx_word' id='word_1_143' title='bbox 772 919 926 961; x_wconf 83' lang='lat' dir='ltr'>Euseb.</span> <span class='ocrx_word' id='word_1_144' title='bbox 946 918 1000 959; x_wconf 88' lang='lat' dir='ltr'>H.</span> <span class='ocrx_word' id='word_1_145' title='bbox 1021 918 1071 959; x_wconf 92' lang='lat' dir='ltr'><strong>E.</strong></span> <span class='ocrx_word' id='word_1_146' title='bbox 1090 918 1130 968; x_wconf 84' lang='lat'>3,</span> <span class='ocrx_word' id='word_1_147' title='bbox 1147 919 1218 959; x_wconf 87' lang='grc'>27.</span> <span class='ocrx_word' id='word_1_148' title='bbox 1232 949 1243 968; x_wconf 89' lang='grc'>,</span> <span class='ocrx_word' id='word_1_149' title='bbox 1282 916 1451 958; x_wconf 88' lang='lat' dir='ltr'>Hieron.</span> <span class='ocrx_word' id='word_1_150' title='bbox 1475 917 1517 958; x_wconf 85' lang='lat' dir='ltr'>in</span> <span class='ocrx_word' id='word_1_151' title='bbox 1533 917 1688 962; x_wconf 82' lang='lat' dir='ltr'>Matth.</span> 
     </span>
     <span class='ocr_line' id='line_1_14' title="bbox 209 973 1687 1034; baseline -0.005 -11"><span class='ocrx_word' id='word_1_152' title='bbox 209 982 281 1031; x_wconf 91' lang='lat'>12,</span> <span class='ocrx_word' id='word_1_153' title='bbox 302 979 367 1034; x_wconf 84' lang='lat'>2.)</span> <span class='ocrx_word' id='word_1_154' title='bbox 391 985 429 1019; x_wconf 91' lang='lat' dir='ltr'>et</span> <span class='ocrx_word' id='word_1_155' title='bbox 450 976 659 1020; x_wconf 85' lang='lat' dir='ltr'>Eleessaei</span> <span class='ocrx_word' id='word_1_156' title='bbox 682 975 912 1028; x_wconf 88' lang='lat' dir='ltr'>(Epiphan.</span> <span class='ocrx_word' id='word_1_157' title='bbox 931 974 1102 1016; x_wconf 85' lang='lat' dir='ltr'>Haeres.</span> <span class='ocrx_word' id='word_1_158' title='bbox 1120 973 1191 1027; x_wconf 89' lang='grc'>30,</span> <span class='ocrx_word' id='word_1_159' title='bbox 1209 974 1270 1028; x_wconf 88' lang='grc'>3.)</span> <span class='ocrx_word' id='word_1_160' title='bbox 1299 979 1599 1015; x_wconf 78' lang='lat' dir='ltr'><strong>contemserunt</strong></span> <span class='ocrx_word' id='word_1_161' title='bbox 1623 974 1687 1015; x_wconf 87' lang='lat' dir='ltr'>illi</span> 
     </span>
     <span class='ocr_line' id='line_1_15' title="bbox 209 1030 1685 1090; baseline -0.005 -12"><span class='ocrx_word' id='word_1_162' title='bbox 209 1038 371 1090; x_wconf 82' lang='lat' dir='ltr'>quidem</span> <span class='ocrx_word' id='word_1_163' title='bbox 390 1036 507 1076; x_wconf 86' lang='lat' dir='ltr'>Pauli</span> <span class='ocrx_word' id='word_1_164' title='bbox 524 1033 722 1087; x_wconf 78' lang='lat' dir='ltr'><strong>epistolas</strong></span> <span class='ocrx_word' id='word_1_165' title='bbox 744 1038 782 1072; x_wconf 88' lang='lat' dir='ltr'>et</span> <span class='ocrx_word' id='word_1_166' title='bbox 800 1032 1013 1073; x_wconf 82' lang='lat' dir='ltr'>maledieta</span> <span class='ocrx_word' id='word_1_167' title='bbox 1038 1030 1079 1071; x_wconf 88' lang='lat' dir='ltr'>in</span> <span class='ocrx_word' id='word_1_168' title='bbox 1099 1031 1169 1082; x_wconf 90' lang='lat' dir='ltr'>P.,</span> <span class='ocrx_word' id='word_1_169' title='bbox 1205 1030 1308 1082; x_wconf 81' lang='lat' dir='ltr'>legis</span> <span class='ocrx_word' id='word_1_170' title='bbox 1328 1043 1430 1072; x_wconf 91' lang='lat' dir='ltr'>mos.</span> <span class='ocrx_word' id='word_1_171' title='bbox 1460 1038 1685 1084; x_wconf 85' lang='lat' dir='ltr'>ruptorem,</span> 
     </span>
     <span class='ocr_line' id='line_1_16' title="bbox 207 1087 1683 1147; baseline -0.005 -12"><span class='ocrx_word' id='word_1_172' title='bbox 207 1093 465 1147; x_wconf 78' lang='lat' dir='ltr'>conjecerunt</span> <span class='ocrx_word' id='word_1_173' title='bbox 485 1091 715 1147; x_wconf 81' lang='lat' dir='ltr'>(Epiphan.</span> <span class='ocrx_word' id='word_1_174' title='bbox 733 1090 856 1130; x_wconf 83' lang='lat' dir='ltr'>Haer.</span> <span class='ocrx_word' id='word_1_175' title='bbox 879 1089 949 1140; x_wconf 87' lang='grc'>30,</span> <span class='ocrx_word' id='word_1_176' title='bbox 964 1089 1033 1129; x_wconf 87' lang='grc'>16.</span> <span class='ocrx_word' id='word_1_177' title='bbox 1054 1094 1091 1128; x_wconf 89' lang='lat' dir='ltr'>et</span> <span class='ocrx_word' id='word_1_178' title='bbox 1109 1088 1221 1138; x_wconf 48' lang='lat'>250,</span> <span class='ocrx_word' id='word_1_179' title='bbox 1251 1088 1323 1127; x_wconf 87' lang='lat' dir='ltr'>sed</span> <span class='ocrx_word' id='word_1_180' title='bbox 1343 1099 1369 1126; x_wconf 84' lang='lat' dir='ltr'>a</span> <span class='ocrx_word' id='word_1_181' title='bbox 1389 1087 1437 1130; x_wconf 88' lang='lat' dir='ltr'>P.</span> <span class='ocrx_word' id='word_1_182' title='bbox 1453 1088 1550 1128; x_wconf 83' lang='lat' dir='ltr'>illas</span> <span class='ocrx_word' id='word_1_183' title='bbox 1570 1101 1683 1129; x_wconf 87' lang='lat' dir='ltr'>com-</span> 
     </span>
     <span class='ocr_line' id='line_1_17' title="bbox 205 1143 1684 1205; baseline -0.004 -13"><span class='ocrx_word' id='word_1_184' title='bbox 205 1151 365 1205; x_wconf 79' lang='lat' dir='ltr'>positas</span> <span class='ocrx_word' id='word_1_185' title='bbox 385 1163 474 1190; x_wconf 83' lang='lat' dir='ltr'>esse</span> <span class='ocrx_word' id='word_1_186' title='bbox 492 1149 653 1190; x_wconf 87' lang='lat' dir='ltr'>minime</span> <span class='ocrx_word' id='word_1_187' title='bbox 671 1152 888 1197; x_wconf 77' lang='lat' dir='ltr'>negarunt.</span> <span class='ocrx_word' id='word_1_188' title='bbox 948 1146 1056 1184; x_wconf 85' lang='lat' dir='ltr'><strong>Idem</strong></span> <span class='ocrx_word' id='word_1_189' title='bbox 1082 1146 1129 1184; x_wconf 90' lang='lat' dir='ltr'>de</span> <span class='ocrx_word' id='word_1_190' title='bbox 1149 1143 1363 1183; x_wconf 86' lang='lat' dir='ltr'>Eueratitis</span> <span class='ocrx_word' id='word_1_191' title='bbox 1389 1150 1427 1183; x_wconf 89' lang='lat' dir='ltr'>et</span> <span class='ocrx_word' id='word_1_192' title='bbox 1446 1144 1684 1186; x_wconf 76' lang='lat' dir='ltr'>severianis</span> 
     </span>
     <span class='ocr_line' id='line_1_18' title="bbox 205 1199 1681 1262; baseline -0.005 -13"><span class='ocrx_word' id='word_1_193' title='bbox 205 1209 319 1249; x_wconf 80' lang='lat' dir='ltr'>valet</span> <span class='ocrx_word' id='word_1_194' title='bbox 341 1207 514 1262; x_wconf 82' lang='lat' dir='ltr'>(Euseb.</span> <span class='ocrx_word' id='word_1_195' title='bbox 532 1206 587 1248; x_wconf 89' lang='lat' dir='ltr'>H.</span> <span class='ocrx_word' id='word_1_196' title='bbox 610 1206 664 1247; x_wconf 91' lang='grc' dir='ltr'>Ε.</span> <span class='ocrx_word' id='word_1_197' title='bbox 683 1203 726 1255; x_wconf 90' lang='grc'>4,</span> <span class='ocrx_word' id='word_1_198' title='bbox 747 1202 849 1256; x_wconf 88' lang='grc'><strong>29.).</strong></span> <span class='ocrx_word' id='word_1_199' title='bbox 909 1201 960 1241; x_wconf 88' lang='lat' dir='ltr'>Et</span> <span class='ocrx_word' id='word_1_200' title='bbox 978 1207 1019 1240; x_wconf 93' lang='lat' dir='ltr'>ut</span> <span class='ocrx_word' id='word_1_201' title='bbox 1037 1200 1208 1249; x_wconf 87' lang='lat' dir='ltr'>suerint,</span> <span class='ocrx_word' id='word_1_202' title='bbox 1247 1199 1312 1250; x_wconf 89' lang='lat' dir='ltr'>qui</span> <span class='ocrx_word' id='word_1_203' title='bbox 1335 1213 1412 1250; x_wconf 90' lang='lat' dir='ltr'>quo</span> <span class='ocrx_word' id='word_1_204' title='bbox 1432 1202 1681 1242; x_wconf 80' lang='lat' dir='ltr'>commodius</span> 
     </span>
     <span class='ocr_line' id='line_1_19' title="bbox 205 1255 1682 1316; baseline -0.008 -10"><span class='ocrx_word' id='word_1_205' title='bbox 205 1279 252 1307; x_wconf 87' lang='lat' dir='ltr'>se</span> <span class='ocrx_word' id='word_1_206' title='bbox 271 1280 292 1305; x_wconf 89' lang='lat' dir='ltr'>e</span> <span class='ocrx_word' id='word_1_207' title='bbox 312 1264 466 1316; x_wconf 81' lang='lat' dir='ltr'>laqueis</span> <span class='ocrx_word' id='word_1_208' title='bbox 485 1262 723 1315; x_wconf 78' lang='lat' dir='ltr'>expedirent</span> <span class='ocrx_word' id='word_1_209' title='bbox 741 1266 778 1299; x_wconf 93' lang='lat' dir='ltr'>et</span> <span class='ocrx_word' id='word_1_210' title='bbox 799 1258 1020 1298; x_wconf 79' lang='lat' dir='ltr'>nonnullas</span> <span class='ocrx_word' id='word_1_211' title='bbox 1039 1256 1158 1296; x_wconf 89' lang='lat' dir='ltr'>Pauli</span> <span class='ocrx_word' id='word_1_212' title='bbox 1176 1255 1371 1307; x_wconf 76' lang='lat' dir='ltr'>epistolas</span> <span class='ocrx_word' id='word_1_213' title='bbox 1395 1257 1505 1308; x_wconf 83' lang='lat' dir='ltr'>(h.e.</span> <span class='ocrx_word' id='word_1_214' title='bbox 1528 1263 1682 1299; x_wconf 83' lang='lat' dir='ltr'>utram-</span> 
     </span>
     <span class='ocr_line' id='line_1_20' title="bbox 205 1313 1682 1375; baseline -0.008 -13"><span class='ocrx_word' id='word_1_215' title='bbox 205 1336 282 1375; x_wconf 89' lang='lat' dir='ltr'>que</span> <span class='ocrx_word' id='word_1_216' title='bbox 303 1324 356 1362; x_wconf 88' lang='lat' dir='ltr'>ad</span> <span class='ocrx_word' id='word_1_217' title='bbox 374 1320 554 1361; x_wconf 83' lang='lat' dir='ltr'>Timoth.</span> <span class='ocrx_word' id='word_1_218' title='bbox 579 1325 615 1358; x_wconf 84' lang='lat' dir='ltr'>et</span> <span class='ocrx_word' id='word_1_219' title='bbox 636 1331 698 1370; x_wconf 88' lang='lat' dir='ltr'>ep.</span> <span class='ocrx_word' id='word_1_220' title='bbox 721 1318 773 1356; x_wconf 83' lang='lat' dir='ltr'>ad</span> <span class='ocrx_word' id='word_1_221' title='bbox 793 1315 943 1366; x_wconf 81' lang='lat' dir='ltr'>Titum)</span> <span class='ocrx_word' id='word_1_222' title='bbox 965 1326 990 1353; x_wconf 90' lang='lat' dir='ltr'>a</span> <span class='ocrx_word' id='word_1_223' title='bbox 1009 1313 1056 1354; x_wconf 90' lang='lat' dir='ltr'>P.</span> <span class='ocrx_word' id='word_1_224' title='bbox 1079 1313 1360 1364; x_wconf 79' lang='lat' dir='ltr'>abjudicarent</span> <span class='ocrx_word' id='word_1_225' title='bbox 1389 1320 1426 1353; x_wconf 87' lang='lat' dir='ltr'>et</span> <span class='ocrx_word' id='word_1_226' title='bbox 1454 1326 1556 1366; x_wconf 87' lang='lat' dir='ltr'>quas</span> <span class='ocrx_word' id='word_1_227' title='bbox 1582 1328 1682 1367; x_wconf 83' lang='lat' dir='ltr'>pro-</span> 
     </span>
     <span class='ocr_line' id='line_1_21' title="bbox 202 1370 1682 1425; baseline -0.005 -5"><span class='ocrx_word' id='word_1_228' title='bbox 202 1381 373 1420; x_wconf 77' lang='lat' dir='ltr'>liassent</span> <span class='ocrx_word' id='word_1_229' title='bbox 392 1377 644 1425; x_wconf 82' lang='lat' dir='ltr'>mutilarent,</span> <span class='ocrx_word' id='word_1_230' title='bbox 686 1373 793 1424; x_wconf 88' lang='lat' dir='ltr'>qnod</span> <span class='ocrx_word' id='word_1_231' title='bbox 821 1373 869 1412; x_wconf 88' lang='lat' dir='ltr'>de</span> <span class='ocrx_word' id='word_1_232' title='bbox 888 1371 1069 1411; x_wconf 86' lang='lat' dir='ltr'>Cerdone</span> <span class='ocrx_word' id='word_1_233' title='bbox 1089 1370 1370 1410; x_wconf 84' lang='lat' dir='ltr'>Tertullianus</span> <span class='ocrx_word' id='word_1_234' title='bbox 1391 1373 1482 1413; x_wconf 78' lang='lat' dir='ltr'>adv,</span> <span class='ocrx_word' id='word_1_235' title='bbox 1500 1372 1682 1413; x_wconf 80' lang='lat' dir='ltr'>haereti-</span> 
     </span>
     <span class='ocr_line' id='line_1_22' title="bbox 203 1426 1679 1488; baseline -0.005 -11"><span class='ocrx_word' id='word_1_236' title='bbox 203 1450 274 1477; x_wconf 87' lang='lat' dir='ltr'>cos</span> <span class='ocrx_word' id='word_1_237' title='bbox 305 1450 347 1488; x_wconf 87' lang='lat' dir='ltr'>p.</span> <span class='ocrx_word' id='word_1_238' title='bbox 371 1434 492 1486; x_wconf 67' lang='lat'>116„</span> <span class='ocrx_word' id='word_1_239' title='bbox 529 1434 576 1473; x_wconf 87' lang='lat' dir='ltr'>‹le</span> <span class='ocrx_word' id='word_1_240' title='bbox 602 1429 814 1473; x_wconf 84' lang='lat' dir='ltr'>Marcione</span> <span class='ocrx_word' id='word_1_241' title='bbox 836 1428 1108 1480; x_wconf 87' lang='lat' dir='ltr'>Hieronymus</span> <span class='ocrx_word' id='word_1_242' title='bbox 1130 1426 1265 1480; x_wconf 79' lang='lat' dir='ltr'>praef.</span> <span class='ocrx_word' id='word_1_243' title='bbox 1293 1426 1336 1468; x_wconf 89' lang='lat' dir='ltr'>in</span> <span class='ocrx_word' id='word_1_244' title='bbox 1357 1427 1442 1469; x_wconf 87' lang='lat' dir='ltr'>Tit.</span> <span class='ocrx_word' id='word_1_245' title='bbox 1460 1429 1679 1470; x_wconf 81' lang='lat' dir='ltr'>memoriae</span> 
     </span>
     <span class='ocr_line' id='line_1_23' title="bbox 200 1483 1680 1546; baseline -0.01 -11"><span class='ocrx_word' id='word_1_246' title='bbox 200 1494 407 1546; x_wconf 82' lang='lat' dir='ltr'>prodidit,</span> <span class='ocrx_word' id='word_1_247' title='bbox 446 1503 563 1531; x_wconf 88' lang='lat' dir='ltr'>nemo</span> <span class='ocrx_word' id='word_1_248' title='bbox 585 1496 720 1529; x_wconf 85' lang='lat' dir='ltr'>tamen</span> <span class='ocrx_word' id='word_1_249' title='bbox 739 1485 956 1536; x_wconf 89' lang='lat' dir='ltr'>antiquitus</span> <span class='ocrx_word' id='word_1_250' title='bbox 978 1485 1162 1524; x_wconf 77' lang='lat' dir='ltr'>inventus</span> <span class='ocrx_word' id='word_1_251' title='bbox 1184 1490 1267 1534; x_wconf 88' lang='lat' dir='ltr'>est,</span> <span class='ocrx_word' id='word_1_252' title='bbox 1304 1483 1369 1535; x_wconf 93' lang='lat' dir='ltr'>qui</span> <span class='ocrx_word' id='word_1_253' title='bbox 1388 1493 1571 1525; x_wconf 85' lang='lat' dir='ltr'>nostram</span> <span class='ocrx_word' id='word_1_254' title='bbox 1590 1488 1680 1538; x_wconf 77' lang='lat' dir='ltr'>epi-</span> 
     </span>
     <span class='ocr_line' id='line_1_24' title="bbox 201 1540 1677 1595; baseline -0.005 -4"><span class='ocrx_word' id='word_1_255' title='bbox 201 1550 351 1592; x_wconf 86' lang='lat' dir='ltr'>stolam</span> <span class='ocrx_word' id='word_1_256' title='bbox 372 1554 495 1589; x_wconf 85' lang='lat' dir='ltr'>totam</span> <span class='ocrx_word' id='word_1_257' title='bbox 524 1543 795 1586; x_wconf 82' lang='lat' dir='ltr'>adulterinam</span> <span class='ocrx_word' id='word_1_258' title='bbox 823 1555 912 1582; x_wconf 90' lang='lat' dir='ltr'>esse</span> <span class='ocrx_word' id='word_1_259' title='bbox 944 1541 1176 1581; x_wconf 81' lang='lat' dir='ltr'>affirmaret.</span> <span class='ocrx_word' id='word_1_260' title='bbox 1233 1540 1387 1581; x_wconf 85' lang='lat' dir='ltr'>Deinde</span> <span class='ocrx_word' id='word_1_261' title='bbox 1418 1542 1453 1582; x_wconf 90' lang='lat'>11</span> <span class='ocrx_word' id='word_1_262' title='bbox 1480 1543 1677 1595; x_wconf 87' lang='lat' dir='ltr'>epistolae</span> 
     </span>
     <span class='ocr_line' id='line_1_25' title="bbox 199 1598 1673 1653; baseline -0.005 -5"><span class='ocrx_word' id='word_1_263' title='bbox 199 1607 358 1648; x_wconf 86' lang='lat' dir='ltr'>indoles</span> <span class='ocrx_word' id='word_1_264' title='bbox 388 1605 560 1645; x_wconf 86' lang='lat' dir='ltr'>Paulum</span> <span class='ocrx_word' id='word_1_265' title='bbox 589 1602 826 1653; x_wconf 85' lang='lat' dir='ltr'>scriptorem</span> <span class='ocrx_word' id='word_1_266' title='bbox 857 1599 1008 1650; x_wconf 70' lang='lat' dir='ltr'>arguit.</span> <span class='ocrx_word' id='word_1_267' title='bbox 1073 1599 1304 1648; x_wconf 71' lang='lat' dir='ltr'>Tantopere</span> <span class='ocrx_word' id='word_1_268' title='bbox 1338 1598 1444 1638; x_wconf 88' lang='lat' dir='ltr'>enim</span> <span class='ocrx_word' id='word_1_269' title='bbox 1474 1606 1510 1639; x_wconf 85' lang='lat' dir='ltr'>et</span> <span class='ocrx_word' id='word_1_270' title='bbox 1535 1602 1673 1641; x_wconf 73' lang='lat' dir='ltr'>verbis</span> 
     </span>
     <span class='ocr_line' id='line_1_26' title="bbox 200 1655 1675 1713; baseline -0.005 -8"><span class='ocrx_word' id='word_1_271' title='bbox 200 1662 489 1713; x_wconf 77' lang='lat' dir='ltr'>sententiisque</span> <span class='ocrx_word' id='word_1_272' title='bbox 518 1673 609 1700; x_wconf 88' lang='lat' dir='ltr'>eum</span> <span class='ocrx_word' id='word_1_273' title='bbox 633 1657 817 1711; x_wconf 86' lang='lat' dir='ltr'>epistolis</span> <span class='ocrx_word' id='word_1_274' title='bbox 848 1669 948 1707; x_wconf 87' lang='lat' dir='ltr'>quas</span> <span class='ocrx_word' id='word_1_275' title='bbox 976 1655 1101 1695; x_wconf 85' lang='lat' dir='ltr'>Paulo</span> <span class='ocrx_word' id='word_1_276' title='bbox 1136 1667 1250 1693; x_wconf 82' lang='lat' dir='ltr'>nemo</span> <span class='ocrx_word' id='word_1_277' title='bbox 1282 1669 1364 1695; x_wconf 84' lang='lat' dir='ltr'>uon</span> <span class='ocrx_word' id='word_1_278' title='bbox 1381 1656 1559 1697; x_wconf 78' lang='lat' dir='ltr'>vindieat</span> <span class='ocrx_word' id='word_1_279' title='bbox 1576 1671 1675 1697; x_wconf 87' lang='lat' dir='ltr'>eon-</span> 
     </span>
     <span class='ocr_line' id='line_1_27' title="bbox 196 1712 1675 1774; baseline -0.007 -13"><span class='ocrx_word' id='word_1_280' title='bbox 196 1721 332 1774; x_wconf 67' lang='lat' dir='ltr'>grust,</span> <span class='ocrx_word' id='word_1_281' title='bbox 367 1725 403 1758; x_wconf 89' lang='lat' dir='ltr'>et</span> <span class='ocrx_word' id='word_1_282' title='bbox 425 1719 546 1758; x_wconf 83' lang='lat' dir='ltr'>rebus</span> <span class='ocrx_word' id='word_1_283' title='bbox 565 1729 654 1757; x_wconf 82' lang='lat' dir='ltr'>enm</span> <span class='ocrx_word' id='word_1_284' title='bbox 684 1714 770 1766; x_wconf 85' lang='lat' dir='ltr'>ejus</span> <span class='ocrx_word' id='word_1_285' title='bbox 794 1712 1012 1765; x_wconf 78' lang='lat' dir='ltr'>temporis,</span> <span class='ocrx_word' id='word_1_286' title='bbox 1051 1713 1102 1752; x_wconf 80' lang='lat' dir='ltr'>ad</span> <span class='ocrx_word' id='word_1_287' title='bbox 1123 1712 1227 1762; x_wconf 81' lang='lat' dir='ltr'>quod</span> <span class='ocrx_word' id='word_1_288' title='bbox 1253 1712 1451 1764; x_wconf 82' lang='lat' dir='ltr'>refertur,</span> <span class='ocrx_word' id='word_1_289' title='bbox 1480 1715 1675 1754; x_wconf 61' lang='lat' dir='ltr'>memoria</span> 
     </span>
     <span class='ocr_line' id='line_1_28' title="bbox 197 1768 1673 1825; baseline -0.006 -6"><span class='ocrx_word' id='word_1_290' title='bbox 197 1780 419 1820; x_wconf 81' lang='lat' dir='ltr'>coneordat</span> <span class='ocrx_word' id='word_1_291' title='bbox 448 1777 508 1825; x_wconf 67' lang='lat' dir='ltr'><strong>(V.</strong></span> <span class='ocrx_word' id='word_1_292' title='bbox 538 1773 660 1814; x_wconf 89' lang='lat' dir='ltr'>Rom.</span> <span class='ocrx_word' id='word_1_293' title='bbox 688 1772 758 1823; x_wconf 81' lang='lat'>15,</span> <span class='ocrx_word' id='word_1_294' title='bbox 788 1771 858 1813; x_wconf 87' lang='lat'>25.</span> <span class='ocrx_word' id='word_1_295' title='bbox 900 1769 953 1809; x_wconf 83' lang='lat' dir='ltr'>el.</span> <span class='ocrx_word' id='word_1_296' title='bbox 989 1771 1011 1809; x_wconf 95' lang='grc'><strong>1</strong></span> <span class='ocrx_word' id='word_1_297' title='bbox 1041 1769 1138 1809; x_wconf 79' lang='lat' dir='ltr'><strong>Cor.</strong></span> <span class='ocrx_word' id='word_1_298' title='bbox 1167 1768 1236 1820; x_wconf 87' lang='grc'><strong>16,</strong></span> <span class='ocrx_word' id='word_1_299' title='bbox 1267 1771 1308 1812; x_wconf 89' lang='lat'><strong>1.</strong></span> <span class='ocrx_word' id='word_1_300' title='bbox 1342 1783 1405 1821; x_wconf 80' lang='lat' dir='ltr'>sq.</span> <span class='ocrx_word' id='word_1_301' title='bbox 1444 1770 1470 1811; x_wconf 85' lang='lat'>2</span> <span class='ocrx_word' id='word_1_302' title='bbox 1499 1771 1596 1814; x_wconf 88' lang='lat' dir='ltr'>Cor.</span> <span class='ocrx_word' id='word_1_303' title='bbox 1631 1773 1673 1824; x_wconf 88' lang='lat'>8,</span> 
     </span>
     <span class='ocr_line' id='line_1_29' title="bbox 197 1825 1669 1885; baseline -0.003 -12"><span class='ocrx_word' id='word_1_304' title='bbox 197 1838 240 1878; x_wconf 88' lang='grc'><strong>1.</strong></span> <span class='ocrx_word' id='word_1_305' title='bbox 270 1848 359 1885; x_wconf 63' lang='lat' dir='ltr'>sq„</span> <span class='ocrx_word' id='word_1_306' title='bbox 398 1832 517 1873; x_wconf 85' lang='lat' dir='ltr'>Rom.</span> <span class='ocrx_word' id='word_1_307' title='bbox 545 1831 613 1882; x_wconf 85' lang='lat'>15,</span> <span class='ocrx_word' id='word_1_308' title='bbox 639 1828 712 1871; x_wconf 90' lang='grc'><strong>30.</strong></span> <span class='ocrx_word' id='word_1_309' title='bbox 743 1841 807 1879; x_wconf 86' lang='lat' dir='ltr'>sq.</span> <span class='ocrx_word' id='word_1_310' title='bbox 848 1827 898 1867; x_wconf 82' lang='lat' dir='ltr'>cl.</span> <span class='ocrx_word' id='word_1_311' title='bbox 926 1827 1013 1867; x_wconf 78' lang='lat' dir='ltr'>Aet.</span> <span class='ocrx_word' id='word_1_312' title='bbox 1032 1825 1102 1876; x_wconf 90' lang='lat'>20,</span> <span class='ocrx_word' id='word_1_313' title='bbox 1130 1826 1198 1865; x_wconf 91' lang='lat'>22.</span> <span class='ocrx_word' id='word_1_314' title='bbox 1220 1839 1307 1877; x_wconf 82' lang='lat' dir='ltr'>sq.‚</span> <span class='ocrx_word' id='word_1_315' title='bbox 1347 1826 1466 1868; x_wconf 84' lang='lat' dir='ltr'>Rom.</span> <span class='ocrx_word' id='word_1_316' title='bbox 1498 1829 1566 1880; x_wconf 89' lang='lat'>15,</span> <span class='ocrx_word' id='word_1_317' title='bbox 1599 1828 1669 1871; x_wconf 75' lang='lat'>24.</span> 
     </span>
     <span class='ocr_line' id='line_1_30' title="bbox 196 1882 1672 1941; baseline -0.01 -6"><span class='ocrx_word' id='word_1_318' title='bbox 196 1893 250 1935; x_wconf 83' lang='lat' dir='ltr'>cl.</span> <span class='ocrx_word' id='word_1_319' title='bbox 279 1893 369 1932; x_wconf 87' lang='lat' dir='ltr'>Act.</span> <span class='ocrx_word' id='word_1_320' title='bbox 400 1890 467 1941; x_wconf 83' lang='lat'>19,</span> <span class='ocrx_word' id='word_1_321' title='bbox 495 1889 594 1937; x_wconf 87' lang='grc'><strong>21.)</strong></span> <span class='ocrx_word' id='word_1_322' title='bbox 634 1892 679 1926; x_wconf 91' lang='lat' dir='ltr'>ut</span> <span class='ocrx_word' id='word_1_323' title='bbox 718 1884 834 1925; x_wconf 86' lang='lat' dir='ltr'>Pauli</span> <span class='ocrx_word' id='word_1_324' title='bbox 874 1883 1067 1923; x_wconf 84' lang='lat' dir='ltr'>sentiendi</span> <span class='ocrx_word' id='word_1_325' title='bbox 1108 1882 1374 1935; x_wconf 81' lang='lat' dir='ltr'>loquendique</span> <span class='ocrx_word' id='word_1_326' title='bbox 1414 1898 1563 1935; x_wconf 72' lang='lat' dir='ltr'>genere</span> <span class='ocrx_word' id='word_1_327' title='bbox 1600 1897 1672 1925; x_wconf 80' lang='lat' dir='ltr'>as..</span> 
     </span>
     <span class='ocr_line' id='line_1_31' title="bbox 196 1940 1669 1996; baseline -0.006 -5"><span class='ocrx_word' id='word_1_328' title='bbox 196 1949 419 1991; x_wconf 70' lang='lat' dir='ltr'>sues-‘tetum</span> <span class='ocrx_word' id='word_1_329' title='bbox 438 1957 652 1996; x_wconf 84' lang='lat' dir='ltr'>rerumque</span> <span class='ocrx_word' id='word_1_330' title='bbox 680 1943 734 1982; x_wconf 83' lang='lat' dir='ltr'>ab</span> <span class='ocrx_word' id='word_1_331' title='bbox 753 1941 824 1981; x_wconf 90' lang='lat' dir='ltr'>illo</span> <span class='ocrx_word' id='word_1_332' title='bbox 848 1946 1058 1992; x_wconf 65' lang='lat' dir='ltr'>gestarum</span> <span class='ocrx_word' id='word_1_333' title='bbox 1085 1940 1223 1979; x_wconf 71' lang='lat' dir='ltr'>notitia</span> <span class='ocrx_word' id='word_1_334' title='bbox 1244 1941 1434 1980; x_wconf 86' lang='lat' dir='ltr'>imbutum</span> <span class='ocrx_word' id='word_1_335' title='bbox 1455 1942 1669 1982; x_wconf 78' lang='lat' dir='ltr'>vehemen-</span> 
     </span>
     <span class='ocr_line' id='line_1_32' title="bbox 195 1999 1669 2056; baseline -0.005 -8"><span class='ocrx_word' id='word_1_336' title='bbox 195 2007 276 2048; x_wconf 87' lang='lat' dir='ltr'>tius</span> <span class='ocrx_word' id='word_1_337' title='bbox 309 2005 404 2056; x_wconf 83' lang='lat' dir='ltr'>ipsa</span> <span class='ocrx_word' id='word_1_338' title='bbox 429 2003 606 2056; x_wconf 88' lang='lat' dir='ltr'>epistola</span> <span class='ocrx_word' id='word_1_339' title='bbox 634 2013 795 2040; x_wconf 88' lang='lat' dir='ltr'>movere</span> <span class='ocrx_word' id='word_1_340' title='bbox 824 1999 990 2048; x_wconf 87' lang='lat' dir='ltr'>debeat,</span> <span class='ocrx_word' id='word_1_341' title='bbox 1031 2009 1151 2049; x_wconf 88' lang='lat' dir='ltr'>quam</span> <span class='ocrx_word' id='word_1_342' title='bbox 1179 2004 1354 2041; x_wconf 75' lang='lat' dir='ltr'>veterum</span> <span class='ocrx_word' id='word_1_343' title='bbox 1382 1999 1669 2055; x_wconf 33' lang='lat' dir='ltr'>magistro-rum</span> 
     </span>
     <span class='ocr_line' id='line_1_33' title="bbox 194 2055 1668 2107; baseline -0.003 -9"><span class='ocrx_word' id='word_1_344' title='bbox 194 2061 438 2105; x_wconf 59' lang='lat' dir='ltr'>tostimonia.</span> <span class='ocrx_word' id='word_1_345' title='bbox 495 2058 772 2102; x_wconf 84' lang='lat' dir='ltr'>Nihilominus</span> <span class='ocrx_word' id='word_1_346' title='bbox 799 2055 997 2107; x_wconf 86' lang='lat' dir='ltr'>epistolae</span> <span class='ocrx_word' id='word_1_347' title='bbox 1028 2055 1277 2095; x_wconf 81' lang='lat' dir='ltr'>authentiam</span> <span class='ocrx_word' id='word_1_348' title='bbox 1295 2056 1558 2098; x_wconf 77' lang='lat' dir='ltr'>Evansonus</span> <span class='ocrx_word' id='word_1_349' title='bbox 1578 2057 1668 2096; x_wconf 75' lang='lat' dir='ltr'>The,</span> 
     </span>
     <span class='ocr_line' id='line_1_34' title="bbox 194 2110 1669 2164; baseline -0.007 -2"><span class='ocrx_word' id='word_1_350' title='bbox 194 2123 439 2162; x_wconf 76' lang='lat' dir='ltr'>‹lissonance</span> <span class='ocrx_word' id='word_1_351' title='bbox 476 2117 520 2156; x_wconf 81' lang='lat' dir='ltr'>of</span> <span class='ocrx_word' id='word_1_352' title='bbox 554 2116 619 2156; x_wconf 92' lang='lat' dir='ltr'>the</span> <span class='ocrx_word' id='word_1_353' title='bbox 657 2115 749 2155; x_wconf 79' lang='lat' dir='ltr'>four</span> <span class='ocrx_word' id='word_1_354' title='bbox 786 2112 997 2164; x_wconf 63' lang='lat' dir='ltr'>generally</span> <span class='ocrx_word' id='word_1_355' title='bbox 1034 2110 1212 2153; x_wconf 77' lang='lat' dir='ltr'>received</span> <span class='ocrx_word' id='word_1_356' title='bbox 1253 2113 1513 2163; x_wconf 67' lang='lat' dir='ltr'>evangelists.</span> <span class='ocrx_word' id='word_1_357' title='bbox 1543 2115 1669 2156; x_wconf 83' lang='lat'>1792.</span> 
     </span>
     <span class='ocr_line' id='line_1_35' title="bbox 195 2169 1667 2230; baseline -0.004 -15"><span class='ocrx_word' id='word_1_358' title='bbox 195 2193 236 2230; x_wconf 79' lang='lat' dir='ltr'>p.</span> <span class='ocrx_word' id='word_1_359' title='bbox 258 2178 355 2217; x_wconf 77' lang='lat'>259.</span> <span class='ocrx_word' id='word_1_360' title='bbox 384 2172 660 2226; x_wconf 70' lang='lat' dir='ltr'>impugnavit,</span> <span class='ocrx_word' id='word_1_361' title='bbox 700 2169 886 2210; x_wconf 82' lang='lat' dir='ltr'>futilibus</span> <span class='ocrx_word' id='word_1_362' title='bbox 915 2170 1072 2220; x_wconf 87' lang='lat' dir='ltr'>quidem</span> <span class='ocrx_word' id='word_1_363' title='bbox 1099 2170 1374 2221; x_wconf 65' lang='lat' dir='ltr'>argumentis,</span> <span class='ocrx_word' id='word_1_364' title='bbox 1415 2182 1454 2210; x_wconf 75' lang='lat' dir='ltr'>v,</span> <span class='ocrx_word' id='word_1_365' title='bbox 1475 2185 1512 2211; x_wconf 90' lang='lat' dir='ltr'>e.</span> <span class='ocrx_word' id='word_1_366' title='bbox 1543 2184 1667 2222; x_wconf 78' lang='lat' dir='ltr'>neque</span> 
     </span>
     <span class='ocr_line' id='line_1_36' title="bbox 193 2226 1668 2281; baseline -0.006 -5"><span class='ocrx_word' id='word_1_367' title='bbox 193 2237 347 2276; x_wconf 69' lang='lat' dir='ltr'>Lucam</span> <span class='ocrx_word' id='word_1_368' title='bbox 365 2234 405 2272; x_wconf 88' lang='lat' dir='ltr'>in</span> <span class='ocrx_word' id='word_1_369' title='bbox 425 2232 561 2281; x_wconf 75' lang='lat' dir='ltr'>Actis,</span> <span class='ocrx_word' id='word_1_370' title='bbox 599 2228 669 2268; x_wconf 81' lang='lat' dir='ltr'>nbi</span> <span class='ocrx_word' id='word_1_371' title='bbox 689 2229 891 2269; x_wconf 77' lang='lat' dir='ltr'>commode</span> <span class='ocrx_word' id='word_1_372' title='bbox 913 2227 1112 2278; x_wconf 83' lang='lat' dir='ltr'>potuisset</span> <span class='ocrx_word' id='word_1_373' title='bbox 1136 2226 1203 2278; x_wconf 85' lang='lat'>19,</span> <span class='ocrx_word' id='word_1_374' title='bbox 1223 2227 1315 2274; x_wconf 56' lang='lat'>21„</span> <span class='ocrx_word' id='word_1_375' title='bbox 1347 2239 1471 2278; x_wconf 85' lang='lat' dir='ltr'>neque</span> <span class='ocrx_word' id='word_1_376' title='bbox 1496 2227 1668 2268; x_wconf 77' lang='lat' dir='ltr'>Paulum</span> 
     </span>
     <span class='ocr_line' id='line_1_37' title="bbox 193 2283 1665 2344; baseline -0.004 -13"><span class='ocrx_word' id='word_1_377' title='bbox 193 2294 325 2344; x_wconf 63' lang='lat' dir='ltr'>ipsum</span> <span class='ocrx_word' id='word_1_378' title='bbox 354 2291 394 2330; x_wconf 85' lang='lat' dir='ltr'>in</span> <span class='ocrx_word' id='word_1_379' title='bbox 417 2286 603 2341; x_wconf 79' lang='lat' dir='ltr'>epistolis</span> <span class='ocrx_word' id='word_1_380' title='bbox 630 2283 763 2325; x_wconf 85' lang='lat' dir='ltr'>serius</span> <span class='ocrx_word' id='word_1_381' title='bbox 793 2283 956 2335; x_wconf 76' lang='lat' dir='ltr'>seriptis</span> <span class='ocrx_word' id='word_1_382' title='bbox 990 2283 1184 2334; x_wconf 70' lang='lat' dir='ltr'>epistolae</span> <span class='ocrx_word' id='word_1_383' title='bbox 1215 2285 1264 2322; x_wconf 87' lang='lat' dir='ltr'>ad</span> <span class='ocrx_word' id='word_1_384' title='bbox 1288 2283 1407 2325; x_wconf 85' lang='lat' dir='ltr'>Rom.</span> <span class='ocrx_word' id='word_1_385' title='bbox 1431 2284 1665 2325; x_wconf 81' lang='lat' dir='ltr'>mentionem</span> 
     </span>
     <span class='ocr_line' id='line_1_38' title="bbox 195 2340 1663 2401; baseline -0.003 -15"><span class='ocrx_word' id='word_1_386' title='bbox 195 2349 378 2399; x_wconf 70' lang='lat' dir='ltr'>injecisse</span> <span class='ocrx_word' id='word_1_387' title='bbox 403 2347 464 2401; x_wconf 77' lang='lat' dir='ltr'>[at</span> <span class='ocrx_word' id='word_1_388' title='bbox 488 2349 753 2394; x_wconf 66' lang='lat' dir='ltr'>argumento,</span> <span class='ocrx_word' id='word_1_389' title='bbox 794 2343 898 2393; x_wconf 82' lang='lat' dir='ltr'>quod</span> <span class='ocrx_word' id='word_1_390' title='bbox 921 2354 945 2380; x_wconf 83' lang='lat' dir='ltr'>a</span> <span class='ocrx_word' id='word_1_391' title='bbox 965 2342 1141 2381; x_wconf 77' lang='lat' dir='ltr'>silentio</span> <span class='ocrx_word' id='word_1_392' title='bbox 1162 2340 1377 2391; x_wconf 74' lang='lat' dir='ltr'>repetitur,</span> <span class='ocrx_word' id='word_1_393' title='bbox 1407 2341 1509 2381; x_wconf 84' lang='lat' dir='ltr'>nihil</span> <span class='ocrx_word' id='word_1_394' title='bbox 1534 2342 1663 2384; x_wconf 73' lang='lat' dir='ltr'>levius</span> 
     </span>
     <span class='ocr_line' id='line_1_39' title="bbox 192 2398 1663 2457; baseline -0.006 -13"><span class='ocrx_word' id='word_1_395' title='bbox 192 2414 278 2457; x_wconf 65' lang='lat' dir='ltr'>est,</span> <span class='ocrx_word' id='word_1_396' title='bbox 319 2405 394 2443; x_wconf 66' lang='lat' dir='ltr'>nisi</span> <span class='ocrx_word' id='word_1_397' title='bbox 422 2416 503 2442; x_wconf 82' lang='lat' dir='ltr'>rem</span> <span class='ocrx_word' id='word_1_398' title='bbox 538 2401 670 2451; x_wconf 88' lang='lat' dir='ltr'>utique</span> <span class='ocrx_word' id='word_1_399' title='bbox 702 2401 1004 2439; x_wconf 79' lang='lat' dir='ltr'>memorandam</span> <span class='ocrx_word' id='word_1_400' title='bbox 1036 2398 1163 2437; x_wconf 71' lang='lat' dir='ltr'>fuisse</span> <span class='ocrx_word' id='word_1_401' title='bbox 1200 2401 1408 2438; x_wconf 73' lang='lat' dir='ltr'>ostendere</span> <span class='ocrx_word' id='word_1_402' title='bbox 1439 2400 1663 2454; x_wconf 57' lang='lat' dir='ltr'>potui-riq:</span> 
     </span>
     <span class='ocr_line' id='line_1_40' title="bbox 193 2454 1663 2515; baseline -0.003 -14"><span class='ocrx_word' id='word_1_403' title='bbox 193 2477 270 2515; x_wconf 84' lang='lat' dir='ltr'>quo</span> <span class='ocrx_word' id='word_1_404' title='bbox 300 2468 473 2512; x_wconf 78' lang='lat' dir='ltr'>tempore</span> <span class='ocrx_word' id='word_1_405' title='bbox 500 2459 546 2500; x_wconf 87' lang='lat' dir='ltr'>P.</span> <span class='ocrx_word' id='word_1_406' title='bbox 569 2458 742 2498; x_wconf 84' lang='lat' dir='ltr'>Romam</span> <span class='ocrx_word' id='word_1_407' title='bbox 772 2455 946 2496; x_wconf 73' lang='lat' dir='ltr'>venisset</span> <span class='ocrx_word' id='word_1_408' title='bbox 976 2457 1150 2494; x_wconf 84' lang='lat' dir='ltr'>nondum</span> <span class='ocrx_word' id='word_1_409' title='bbox 1188 2454 1241 2493; x_wconf 78' lang='lat' dir='ltr'>ibi</span> <span class='ocrx_word' id='word_1_410' title='bbox 1272 2456 1495 2496; x_wconf 72' lang='lat' dir='ltr'>‹loeti-iusim</span> <span class='ocrx_word' id='word_1_411' title='bbox 1523 2457 1663 2497; x_wconf 70' lang='lat' dir='ltr'>christ.</span> 
     </span>
     <span class='ocr_line' id='line_1_41' title="bbox 193 2511 1663 2567; baseline -0.005 -6"><span class='ocrx_word' id='word_1_412' title='bbox 193 2519 381 2561; x_wconf 77' lang='lat' dir='ltr'>traditum</span> <span class='ocrx_word' id='word_1_413' title='bbox 412 2531 524 2567; x_wconf 76' lang='lat' dir='ltr'>esse,</span> <span class='ocrx_word' id='word_1_414' title='bbox 572 2516 717 2554; x_wconf 84' lang='lat' dir='ltr'>nedum</span> <span class='ocrx_word' id='word_1_415' title='bbox 745 2520 786 2552; x_wconf 91' lang='lat' dir='ltr'>ut</span> <span class='ocrx_word' id='word_1_416' title='bbox 815 2526 1051 2551; x_wconf 72' lang='lat' dir='ltr'>numerosus</span> <span class='ocrx_word' id='word_1_417' title='bbox 1082 2511 1136 2551; x_wconf 84' lang='lat' dir='ltr'>ihi</span> <span class='ocrx_word' id='word_1_418' title='bbox 1169 2511 1496 2552; x_wconf 62' lang='lat' dir='ltr'>Christianorum</span> <span class='ocrx_word' id='word_1_419' title='bbox 1527 2520 1663 2553; x_wconf 75' lang='lat' dir='ltr'>coetus</span> 
     </span>
     <span class='ocr_line' id='line_1_42' title="bbox 193 2568 1660 2624; baseline -0.006 -6"><span class='ocrx_word' id='word_1_420' title='bbox 193 2584 354 2618; x_wconf 71' lang='lat' dir='ltr'>eom-tus</span> <span class='ocrx_word' id='word_1_421' title='bbox 375 2573 491 2613; x_wconf 77' lang='lat' dir='ltr'>suerit</span> <span class='ocrx_word' id='word_1_422' title='bbox 509 2605 518 2621; x_wconf 87' lang='lat'><strong>‚</strong></span> <span class='ocrx_word' id='word_1_423' title='bbox 549 2586 598 2611; x_wconf 78' lang='lat' dir='ltr'>ex</span> <span class='ocrx_word' id='word_1_424' title='bbox 619 2573 710 2614; x_wconf 79' lang='lat' dir='ltr'>Act.</span> <span class='ocrx_word' id='word_1_425' title='bbox 729 2571 798 2621; x_wconf 71' lang='grc'>28,</span> <span class='ocrx_word' id='word_1_426' title='bbox 822 2571 888 2610; x_wconf 79' lang='grc'><strong>16.</strong></span> <span class='ocrx_word' id='word_1_427' title='bbox 909 2584 970 2621; x_wconf 71' lang='lat' dir='ltr'>sq.</span> <span class='ocrx_word' id='word_1_428' title='bbox 1013 2568 1072 2622; x_wconf 77' lang='lat' dir='ltr'>[at</span> <span class='ocrx_word' id='word_1_429' title='bbox 1095 2570 1145 2610; x_wconf 74' lang='lat' dir='ltr'>es.</span> <span class='ocrx_word' id='word_1_430' title='bbox 1167 2582 1206 2610; x_wconf 78' lang='lat' dir='ltr'><strong>v.</strong></span> <span class='ocrx_word' id='word_1_431' title='bbox 1228 2571 1314 2624; x_wconf 57' lang='lat'>15]</span> <span class='ocrx_word' id='word_1_432' title='bbox 1340 2569 1532 2618; x_wconf 65' lang='lat' dir='ltr'>intellig-vi:</span> <span class='ocrx_word' id='word_1_433' title='bbox 1573 2571 1660 2621; x_wconf 79' lang='lat' dir='ltr'>epi-</span> 
     </span>
     <span class='ocr_line' id='line_1_43' title="bbox 193 2627 1659 2678; baseline -0.005 -5"><span class='ocrx_word' id='word_1_434' title='bbox 193 2633 338 2673; x_wconf 73' lang='lat' dir='ltr'>stolam</span> <span class='ocrx_word' id='word_1_435' title='bbox 371 2631 487 2671; x_wconf 88' lang='lat' dir='ltr'>simul</span> <span class='ocrx_word' id='word_1_436' title='bbox 510 2629 681 2668; x_wconf 83' lang='lat' dir='ltr'>Paulum</span> <span class='ocrx_word' id='word_1_437' title='bbox 709 2628 881 2668; x_wconf 84' lang='lat' dir='ltr'>nondum</span> <span class='ocrx_word' id='word_1_438' title='bbox 908 2627 1058 2665; x_wconf 79' lang='lat' dir='ltr'>Romae</span> <span class='ocrx_word' id='word_1_439' title='bbox 1091 2627 1242 2675; x_wconf 68' lang='lat' dir='ltr'>fuisse,</span> <span class='ocrx_word' id='word_1_440' title='bbox 1281 2641 1399 2678; x_wconf 87' lang='lat' dir='ltr'>quum</span> <span class='ocrx_word' id='word_1_441' title='bbox 1424 2627 1534 2666; x_wconf 78' lang='lat' dir='ltr'>illam</span> <span class='ocrx_word' id='word_1_442' title='bbox 1557 2629 1659 2666; x_wconf 72' lang='lat' dir='ltr'>seri-</span> 
     </span>
     <span class='ocr_line' id='line_1_44' title="bbox 194 2682 1658 2736; baseline -0.006 -5"><span class='ocrx_word' id='word_1_443' title='bbox 194 2694 301 2731; x_wconf 77' lang='lat' dir='ltr'>heret</span> <span class='ocrx_word' id='word_1_444' title='bbox 330 2691 469 2728; x_wconf 70' lang='lat' dir='ltr'>«lovere</span> <span class='ocrx_word' id='word_1_445' title='bbox 495 2687 532 2733; x_wconf 79' lang='lat' dir='ltr'>l,</span> <span class='ocrx_word' id='word_1_446' title='bbox 552 2687 620 2726; x_wconf 77' lang='lat'>10.</span> <span class='ocrx_word' id='word_1_447' title='bbox 639 2699 751 2736; x_wconf 50' lang='lat' dir='ltr'>sqq„</span> <span class='ocrx_word' id='word_1_448' title='bbox 793 2685 911 2723; x_wconf 75' lang='lat' dir='ltr'>simul</span> <span class='ocrx_word' id='word_1_449' title='bbox 946 2685 999 2722; x_wconf 78' lang='lat' dir='ltr'>ihi</span> <span class='ocrx_word' id='word_1_450' title='bbox 1029 2682 1110 2733; x_wconf 76' lang='lat' dir='ltr'>jam</span> <span class='ocrx_word' id='word_1_451' title='bbox 1140 2684 1373 2734; x_wconf 68' lang='lat' dir='ltr'>seriptnrem</span> <span class='ocrx_word' id='word_1_452' title='bbox 1405 2682 1530 2722; x_wconf 58' lang='lat' dir='ltr'>fuisse</span> <span class='ocrx_word' id='word_1_453' title='bbox 1559 2685 1658 2723; x_wconf 77' lang='lat' dir='ltr'>iudi-</span> 
     </span>
     <span class='ocr_line' id='line_1_45' title="bbox 193 2740 1656 2797; baseline -0.005 -10"><span class='ocrx_word' id='word_1_454' title='bbox 193 2761 308 2797; x_wconf 63' lang='lat' dir='ltr'>vare,</span> <span class='ocrx_word' id='word_1_455' title='bbox 349 2746 413 2795; x_wconf 76' lang='lat' dir='ltr'>qui</span> <span class='ocrx_word' id='word_1_456' title='bbox 440 2751 473 2781; x_wconf 84' lang='lat' dir='ltr'>et</span> <span class='ocrx_word' id='word_1_457' title='bbox 497 2742 800 2782; x_wconf 57' lang='lat' dir='ltr'>aecusatissinw</span> <span class='ocrx_word' id='word_1_458' title='bbox 827 2750 960 2780; x_wconf 57' lang='lat' dir='ltr'>coetus·</span> <span class='ocrx_word' id='word_1_459' title='bbox 991 2742 1145 2780; x_wconf 63' lang='lat' dir='ltr'>romani</span> <span class='ocrx_word' id='word_1_460' title='bbox 1174 2748 1318 2779; x_wconf 67' lang='lat' dir='ltr'>&gt;tntum</span> <span class='ocrx_word' id='word_1_461' title='bbox 1346 2740 1601 2788; x_wconf 36' lang='lat' dir='ltr'>cognovisset</span> <span class='ocrx_word' id='word_1_462' title='bbox 1627 2758 1656 2779; x_wconf 71' lang='lat' dir='ltr'>ei</span> 
     </span>
     <span class='ocr_line' id='line_1_46' title="bbox 192 2798 1657 2857; baseline -0.005 -14"><span class='ocrx_word' id='word_1_463' title='bbox 192 2804 412 2857; x_wconf 59' lang='lat' dir='ltr'>permultos</span> <span class='ocrx_word' id='word_1_464' title='bbox 435 2800 488 2841; x_wconf 80' lang='lat' dir='ltr'>ibi</span> <span class='ocrx_word' id='word_1_465' title='bbox 513 2800 661 2839; x_wconf 48' lang='lat' dir='ltr'>amin-as</span> <span class='ocrx_word' id='word_1_466' title='bbox 685 2800 888 2840; x_wconf 46' lang='lat' dir='ltr'>habuisset</span> <span class='ocrx_word' id='word_1_467' title='bbox 917 2799 1032 2839; x_wconf 70' lang='lat' dir='ltr'>lium.</span> <span class='ocrx_word' id='word_1_468' title='bbox 1057 2814 1091 2838; x_wconf 71' lang='grc' dir='ltr'><strong>Γ.</strong></span> <span class='ocrx_word' id='word_1_469' title='bbox 1117 2800 1178 2837; x_wconf 66' lang='lat' dir='ltr'>lb.</span> <span class='ocrx_word' id='word_1_470' title='bbox 1223 2798 1288 2851; x_wconf 66' lang='lat' dir='ltr'>[M</span> <span class='ocrx_word' id='word_1_471' title='bbox 1320 2811 1417 2849; x_wconf 59' lang='lat' dir='ltr'>‹iu-u*</span> <span class='ocrx_word' id='word_1_472' title='bbox 1450 2800 1495 2837; x_wconf 62' lang='lat' dir='ltr'>dv</span> <span class='ocrx_word' id='word_1_473' title='bbox 1524 2812 1657 2837; x_wconf 58' lang='lat' dir='ltr'>foetu*—</span> 
     </span>
     <span class='ocr_line' id='line_1_47' title="bbox 194 2855 1658 2907; baseline -0.013 -5"><span class='ocrx_word' id='word_1_474' title='bbox 194 2862 346 2903; x_wconf 62' lang='lat' dir='ltr'>unuani</span> <span class='ocrx_word' id='word_1_475' title='bbox 371 2859 595 2898; x_wconf 58' lang='lat' dir='ltr'>venditu—w·</span> <span class='ocrx_word' id='word_1_476' title='bbox 620 2857 661 2898; x_wconf 74' lang='lat'>1‘.</span> <span class='ocrx_word' id='word_1_477' title='bbox 686 2855 952 2898; x_wconf 63' lang='lat' dir='ltr'>suhindieuxit</span> <span class='ocrx_word' id='word_1_478' title='bbox 977 2855 1168 2904; x_wconf 58' lang='lat' dir='ltr'>vjmmodi</span> <span class='ocrx_word' id='word_1_479' title='bbox 1192 2866 1306 2897; x_wconf 61' lang='lat' dir='ltr'>sum,</span> <span class='ocrx_word' id='word_1_480' title='bbox 1339 2865 1378 2894; x_wconf 64' lang='lat' dir='ltr'>ut</span> <span class='ocrx_word' id='word_1_481' title='bbox 1402 2856 1587 2907; x_wconf 47' lang='lat' dir='ltr'>plvsuqm.</span> <span class='ocrx_word' id='word_1_482' title='bbox 1611 2871 1658 2896; x_wconf 46' lang='grc' dir='ltr'>,Ἃ</span> 
     </span>
    </p>
   </div>
  </div>
 </body>
</html>
