1752 3347
0 112 21 131 ”
655 114 933 159 CAP.vL
1453 112 1540 155 3&3

628 248 945 296 CAP.VL

492 372 1077 410 ARGUMENTUM.

155 451 279 494 Inepte
297 461 336 482 ex
358 449 420 493 iis,
446 463 537 494 quae
559 452 670 485 modo
689 452 838 484 diximus
861 451 892 493 5,
911 454 967 486 ΞΟ.
986 452 1042 485 21.
1060 475 1070 493 ,
1097 450 1190 484 hane
1206 449 1416 494 flagitiosam
1434 462 1522 483 sen-

0 489 5 534 i
44 495 194 531 tentiam
220 506 380 528 erueres:
429 502 484 527 est
517 498 725 529 hominibus
756 498 880 530 christ.
906 501 943 530 ιἰι
973 498 1159 538 peccando
1183 499 1520 536 perseverandum,

0 537 2 585 ξ
45 554 118 586 quo
144 540 323 580 copiosior
349 544 383 571 et
403 542 616 581 opulentior
636 544 796 574 exsv'slal
812 542 885 575 div.
902 542 1101 576 clementia
1119 543 1164 584 (v.
1183 543 1247 581 1.).
1295 540 1384 573 Nam
1405 554 1518 586 quum

0 588 6 635 ἑ,
43 585 207 621 homines
237 583 357 617 christ.
391 584 417 617 ii
444 585 571 628 simus,
608 585 668 630 qui
702 587 805 619 vitam
826 588 979 630 peccatis
1002 588 1153 620 dicatam
1173 586 1418 632 posuerimus,
1453 600 1521 619 no-

0 638 6 680 Ῑ
43 639 157 667 strum
175 629 240 677 ipsi
259 628 443 674 ingenium
466 643 693 669 exueremus,
727 632 756 665 si
777 631 968 666 Christiani
999 631 1083 666 faeti
1114 639 1255 676 peccata
1275 632 1377 665 nohis
1395 631 1518 665 indul-

0 681 5 732 ι
44 689 210 725 geremus
231 679 274 720 (v.
294 676 359 720 2).
408 675 554 722 Quippe
576 690 683 710 nemo
704 677 862 722 ignorat,
899 685 1076 723 quotquot
1096 678 1270 723 baptismo
1299 677 1427 711 initiati
1452 691 1519 711 su-

42 737 124 758 mus
143 722 309 763 Christo,
341 720 474 755 Christi
499 723 607 756 morti
635 726 759 768 (quam
785 723 920 757 reditus
946 736 984 758 ex
1010 723 1133 756 inseris
1155 730 1326 767 sequutus
1350 725 1415 768 est)
1440 731 1517 759 tum

42 782 155 816 quum
187 768 408 811 lavaremur,
440 769 616 813 oppetitae
654 768 812 802 initiatos
841 782 914 802 esse
942 773 990 812 (v.
1009 770 1070 812 3.).
1120 768 1259 814 Sepulti
1279 771 1394 812 igitur
1424 771 1462 813 (i.
1483 783 1516 804 e.

41 815 124 862 quia
142 813 272 849 Christi
293 826 392 848 mors
413 826 522 859 quum
542 814 829 859 baptizaremur,
866 827 986 849 mersu
1007 816 1043 849 in
1062 827 1211 860 aquam,
1244 816 1447 861 sepulturae
1465 816 1517 850 si-

6 898 8 903 ,
41 861 218 901 mulacro,
242 859 349 894 nobis
365 859 462 894 illata
481 867 531 894 est
552 874 582 894 v.
606 861 660 903 3.)
679 874 801 894 sumus
822 860 952 895 Christi
981 862 1056 907 (qui
1076 861 1259 902 funeratus
1279 862 1313 894 in
1333 861 1445 896 vitam
1463 875 1517 896 re-

9 906 10 910 ’
41 906 122 952 diit)
140 906 300 952 exemplo
313 931 323 948 ,
350 912 388 939 ut
407 906 711 952 quemadmodum
732 907 770 939 in
782 907 1119 952 tr1'lam(pl]vsicaiii)
1130 909 1322 940 restitutus
1341 914 1397 941 est
1410 907 1517 942 Chri-

41 959 116 987 stus
135 965 173 986 ex
189 951 314 986 inieris
328 953 398 987 Dei
422 953 613 998 majestate,
630 952 676 986 ita
688 965 753 986 nos
764 966 906 998 quoque
917 949 1057 986 nobam
1074 953 1183 987 vitam
1198 965 1380 998 ageremus
1396 955 1442 998 (v.
1455 953 1514 998 4.)-

41 997 169 1044 Neque
186 997 283 1032 enim
305 999 539 1032 metuendum
558 1004 632 1040 est,
672 1011 716 1031 ne
735 999 794 1044 qui
817 1001 944 1032 mortis
966 999 1173 1033 societatem
1195 1011 1278 1032 cum
1301 998 1442 1034 Christo
1462 1000 1516 1033 in-

38 1044 158 1084 iimus,
182 1044 220 1078 in
243 1044 348 1078 vitam
369 1043 504 1079 reditus
526 1044 733 1078 societatem
757 1045 987 1091 repudiemus
1004 1045 1272 1089 (reviviscamus
1291 1045 1437 1091 igiturv.
1453 1046 1516 1091 5.),

38 1090 122 1124 Jam
144 1090 408 1136 reputabimus,
442 1098 601 1124 veterem
622 1097 781 1124 nostram
804 1103 893 1136 quae
922 1091 1081 1137 peccavit
1102 1103 1289 1135 personam
1310 1092 1407 1126 vetut
1427 1105 1514 1126 cru-

39 1135 92 1171 cis
118 1135 296 1182 supplicio
326 1149 399 1182 quo
421 1136 581 1170 Christus
609 1135 756 1170 affectus
783 1145 832 1171 est
853 1138 1018 1182 periisse,
1065 1144 1182 1170 morte
1203 1143 1321 1170 autem
1340 1137 1516 1172 affectum

39 1194 114 1216 non
138 1194 287 1227 peccare
307 1182 350 1223 (v.
370 1183 402 1216 7.
452 1182 545 1218 Hinc
561 1184 605 1215 ita
625 1183 893 1222 reviviseemus‚
928 1192 965 1218 ut
989 1184 1023 1217 in
1044 1183 1147 1216 vitam
1171 1183 1321 1216 restituti
1342 1196 1415 1216 non
1433 1187 1513 1225 pri-

37 1231 199 1267 stinam,
223 1234 282 1261 sut
300 1226 511 1272 flagitiosam
525 1255 533 1268 ,
557 1227 664 1261 vitam
684 1229 851 1272 degamus
869 1249 911 1255 -—
936 1230 997 1276 qui
1017 1228 1112 1263 euim
1134 1235 1235 1263 vetus
1255 1241 1405 1273 persona
1426 1243 1514 1276 pec-

38 1281 96 1308 cet
111 1273 322 1316 interfecta,
350 1287 460 1319 quum
480 1274 589 1307 honio
611 1279 775 1307 mortuus
794 1287 869 1309 non
895 1277 1044 1322 peccet?
1070 1295 1112 1300 —
1145 1276 1203 1308 sed
1223 1286 1361 1307 nouam
1383 1282 1416 1308 et
1443 1276 1514 1310 ho-

37 1325 173 1354 nestam
191 1319 295 1353 vitam
315 1319 488 1354 vivamus.
515 1320 560 1353 cf.
584 1334 611 1354 v.
632 1320 696 1359 4.).
754 1320 790 1353 Si
814 1329 930 1355 autem
958 1321 1092 1355 mortui
1119 1333 1243 1354 sumus
1261 1334 1345 1355 cum
1368 1321 1512 1357 Christo

37 1364 130 1407 (scil.
143 1376 185 1398 eo
206 1365 301 1409 quod
323 1366 428 1399 vitam
450 1366 600 1411 impuris
618 1365 743 1399 studiis
763 1366 983 1411 inquinatam
1000 1368 1186 1412 posuimus
1209 1381 1234 1397 v.
1248 1367 1371 1411 2sq.)‚
1404 1368 1512 1402 etiam

37 1411 196 1445 victuros
215 1423 280 1444 nos
299 1411 404 1445 vitam
426 1412 565 1457 qualem
591 1411 751 1446 Christus
771 1412 895 1447 habeat
924 1412 1102 1447 credimus
1123 1415 1172 1454 (v,
1189 1412 1239 1455 8.)
1269 1425 1384 1457 neque
1402 1413 1511 1447 Chri-

37 1462 131 1491 stum
152 1456 240 1491 vitae
258 1456 438 1491 redditum
458 1469 533 1490 non
554 1458 683 1489 iterum
703 1459 918 1491 moi-iturum
939 1471 1012 1492 esse
1032 1458 1240 1501 ignoramus
1261 1456 1300 1500 (i.
1320 1471 1353 1503 q.
1367 1460 1432 1491 hoc
1455 1467 1512 1493 est

13 1513 175 1543 ¹novam
192 1502 310 1535 vitam
337 1514 407 1536 nos
431 1508 719 1545 perpetuam
757 1504 874 1536 uitam
901 1505 1099 1536 habituros
1117 1515 1195 1536 esse
1222 1515 1295 1536 non
1328 1504 1510 1539 nescimus

33 1547 145 1590 v.9.).
175 1547 521 1587 Morsinsshristurn
540 1558 617 1580 non
634 1550 795 1590 amplius
808 1549 1023 1587 ,dominatur
1041 1550 1091 1590 (v.
1106 1549 1172 1590 9.).
1212 1548 1301 1582 Nam
1323 1561 1429 1594 quam
1451 1564 1511 1585 oc·

35 1592 162 1629 cubuit
177 1599 348 1638 mortem,
365 1606 404 1629 ea
425 1593 468 1628 ad
483 1599 669 1640 peccatum
691 1593 750 1638 (ad
772 1593 908 1640 peccati
927 1593 1164 1637 amotionem)
1183 1595 1381 1640 pertinebat
1399 1597 1510 1640 semel

121 1769 264 1804 Deinde
288 1768 385 1815 quod
411 1768 451 1803 P.
476 1769 595 1803 Deum
618 1783 636 1804 a
661 1783 782 1804 rerum
812 1768 1021 1816 primordiis
1045 1779 1157 1813 usque
1181 1766 1225 1801 ad
1252 1765 1385 1801 Christi
1410 1773 1506 1802 tem-

121 1828 209 1861 pora
235 1815 355 1849 omnia
381 1816 530 1850 consilia
557 1829 599 1849 eo
624 1817 824 1855 rettulisse,
847 1822 886 1848 ut
912 1820 1143 1860 peccatorum
1171 1813 1313 1862 veniam
1340 1814 1506 1858 aliquan-

120 1861 170 1894 do
196 1860 402 1895 hominibus
423 1874 488 1906 per
511 1861 689 1895 Christum
712 1862 812 1895 daret
830 1860 998 1894 indicavit
1025 1860 1070 1902 (v.
1094 1858 1150 1891 12.
1172 1861 1225 1891 14.
1247 1859 1302 1891 ΞΟ.
1323 1858 1410 1900 21.),
1433 1858 1505 1893 hoc

124 1919 207 1940 eum
234 1919 310 1941 non
336 1906 520 1948 offendet,
557 1907 617 1951 qui
643 1907 794 1939 Paulum
821 1906 940 1938 omnia
967 1907 1009 1938 ad
1034 1905 1127 1937 hanc
1151 1904 1364 1936 sententiam
1390 1917 1504 1938 revo-

122 1964 220 1986 casse
252 1951 558 1986 consideraverit:
600 1964 675 1984 non
708 1952 852 1986 aliunde
877 1951 1043 1984 homines
1067 1949 1217 1982 salutem
1243 1957 1361 1993 petere
1388 1962 1504 1995 posse,

124 1997 191 2032 nisi
217 2011 235 2032 a
262 1997 329 2030 Dei
355 1995 568 2039 clementia,
595 2010 685 2041 quae
710 2005 843 2042 patrata
873 2002 1015 2040 peccata
1042 1994 1221 2028 oblivione
1249 1995 1380 2029 obruat
1404 2002 1464 2028 aut
1483 2008 1503 2029 a

120 2043 190 2077 fide
223 2044 259 2077 in
286 2042 428 2076 Christo
462 2042 658 2089 collocata,
700 2043 832 2088 quique
859 2042 1072 2086 Apostolum
1106 2039 1382 2074 malefactorum
1409 2053 1503 2075 con-

120 2089 309 2124 scientiam
336 2089 577 2122 momordisse
605 2090 828 2129 meminerit,
862 2088 990 2133 quibus
1016 2087 1103 2120 olim
1128 2085 1353 2132 relligionem
1376 2086 1501 2121 christ.

119 2136 155 2170 h.
181 2148 212 2168 e.
238 2134 391 2168 salutare
411 2132 483 2168 Dei
506 2134 708 2169 institutum
731 2134 875 2168 inimice
900 2134 1092 2167 insectatus
1117 2139 1207 2165 esset
1232 2133 1266 2175 (l
1287 2134 1372 2165 Cor.
1398 2132 1452 2175 15,
1466 2134 1502 2170 9.

124 2181 249 2216 tTim.
265 2182 296 2222 l,
311 2181 394 2222 13.).
444 2179 563 2213 Porro
591 2194 633 2214 ne
660 2181 697 2215 Ρ.
716 2181 749 2214 h.
772 2181 794 2215 l.
814 2180 858 2213 ad
879 2180 951 2225 jud.
974 2179 1164 2225 opiniones
1183 2178 1410 2212 descendisse
1433 2191 1501 2223 pu-

121 2235 260 2269 temus,
286 2233 363 2260 tum
388 2225 492 2269 hujus
519 2227 767 2272 disputationis
792 2229 935 2260 ubertas
963 2233 996 2258 et
1022 2223 1198 2259 subtilitas
1222 2231 1298 2258 tum
1326 2237 1499 2269 magnum

121 2273 280 2307 studium
305 2272 470 2317 impedit,
493 2284 566 2316 quo
587 2272 658 2306 div.
686 2272 875 2307 clementia
894 2271 1097 2305 celebratur
1120 2283 1154 2306 v.
1176 2270 1229 2303 15.
1255 2270 1307 2303 17.
1324 2270 1382 2302 20.
1429 2270 1499 2304 Ne-

120 2331 189 2364 que
220 2317 259 2352 in
283 2318 448 2351 oratione
481 2318 523 2351 ad
557 2318 735 2352 lectorum
768 2318 958 2363 opiniones
988 2313 1261 2351 accommodant
1287 2314 1325 2350 P.
1349 2321 1496 2350 senten-

118 2364 214 2399 tiam*
239 2364 415 2409 posuisset
447 2363 623 2407 ejusmodi
659 2365 706 2409 (v,
730 2366 817 2411 m),
857 2376 946 2409 quae
978 2376 1024 2396 ne
1052 2375 1195 2395 morum
1230 2361 1452 2406 perversitati
1477 2375 1496 2396 a

117 2410 325 2444 Christianis
359 2410 652 2455 praetenderetur
677 2409 783 2457 longii
819 2409 1056 2456 disputatione
1081 2421 1110 2442 c.
1130 2408 1164 2450 6,
1187 2409 1217 2440 1.
1246 2426 1292 2432 —-·
1315 2407 1350 2450 7,
1372 2408 1406 2443 6.
1433 2421 1496 2443 ca·

117 2457 271 2490 vendum
295 2463 397 2489 esset.
442 2455 510 2489 Hic
533 2455 717 2502 interpreti
744 2455 1030 2494 suhsistendum3
1053 2467 1137 2487 nam
1163 2452 1314 2498 paullini
1343 2454 1387 2486 do
1415 2466 1495 2489 ma—

114 2503 159 2544 tis
184 2514 336 2536 censura
360 2501 552 2547 Theologis
586 2503 621 2535 in
656 2497 845 2548 disciplina
870 2498 1071 2547 dogmatici
1096 2499 1228 2544 agenda
1253 2505 1315 2532 est.
1381 2500 1494 2543 §uod

117 2561 208 2594 opus
237 2547 442 2581 censorium
477 2548 537 2592 qui
572 2549 785 2594 interpretes
816 2549 995 2592 recipiunt
1027 2546 1064 2578 in
1091 2545 1240 2578 alienam
1267 2544 1491 2590 provinciam

117 2594 212 2627 male
236 2593 413 2628 invadunt
438 2593 762 2637 committuntque,
787 2593 882 2639 quod
910 2593 980 2626 hoc
1008 2591 1157 2625 maxime
1181 2598 1345 2635 tempore
1368 2591 1493 2625 sedulo

115 2640 305 2674 vitandum
334 2644 405 2679 est,
429 2645 469 2672 ut
492 2640 643 2685 partium
668 2639 950 2685 theologicarum
978 2636 1174 2682 cupiditas,
1200 2636 1281 2670 odia
1306 2642 1340 2669 et
1364 2638 1491 2671 convi-

118 2685 172 2720 cia
203 2687 239 2719 in
266 2684 499 2729 Theologiam
534 2686 743 2731 exegeticam
777 2686 969 2737 importata
1009 2681 1314 2728 interpretationis
1349 2683 1491 2718 veritati

116 2737 270 2766 noceant
297 2738 330 2764 et
357 2729 556 2765 factionum
583 2731 709 2764 studiis
735 2729 911 2776 implicati
937 2727 1200 2774 cupiditateque
1223 2728 1403 2764 occaecati
1429 2740 1489 2762 ex-

65 2793 68 2796 ·
88 2778 92 2787 “
116 2776 452 2823 plicatores,1ninus
476 2775 696 2822 intelligant,
721 2777 806 2823 quid
830 2774 1077 2820 scriptores-5.
1103 2775 1281 2809 dixerint.

82 2835 266 2869 Fr-t’lzsche
287 2834 353 2881 Ep.
373 2834 414 2868 ad
439 2833 547 2869 Rom.
1048 2818 1087 2860 Z

1579 2093 1618 2126 Nx
