1752 3347
196 163 286 207 224
471 159 854 204 EPISTOLA
887 160 992 204 AD
1023 159 1387 206 ROMANOS

196 269 376 328 gritatis
399 271 723 325 argumentum,
754 281 884 322 qnam
905 265 959 307 ob
981 280 1105 307 suam
1124 267 1394 323 praeputiati
1410 267 1538 310 fidem
1567 282 1669 309 con-

198 331 413 386 sequutus
436 330 577 375 esset,
608 328 658 365 ut
687 323 877 365 omnium
899 337 1050 364 eorum
1070 323 1315 376 hominum,
1343 324 1419 379 qui
1447 323 1572 365 fidem
1592 325 1669 366 ha-

196 387 350 437 beant,
382 384 474 425 sive
495 381 684 436 gentiles
707 380 798 422 sint
820 380 913 422 sive
935 378 1108 431 Judaei,
1138 382 1295 435 (nunc)
1319 385 1442 436 pater
1464 380 1546 432 sit,
1574 380 1605 423 i.
1629 395 1669 422 e.

195 448 246 485 ut
261 441 479 500 promissa
500 437 750 481 Abrahami
770 437 965 479 familiae
985 436 1175 478 beatitas
1204 438 1406 478 omnibus
1437 437 1514 493 qui
1543 435 1670 478 fidem

194 500 435 559 praebeant
453 494 705 537 hominibus
727 508 840 536 nunc
869 494 1090 549 obtingat,
1121 508 1206 535 non
1226 494 1337 535 solis
1359 493 1542 538 Judaeis
1576 506 1672 535 eve-

197 559 304 599 niat.
363 553 481 597 Nam
511 553 550 593 si
574 550 700 593 Deus
723 550 1029 593 Abrahamum
1050 551 1130 592 hac
1156 552 1254 606 lege
1278 548 1670 593 circumcidendum

191 612 455 663 curavisset,
486 613 535 651 ut
553 609 800 666 praecisum
820 608 1096 665 praeputium
1118 608 1299 651 Abraha
1309 609 1365 650 mi
1396 613 1673 665 posterorum

194 671 370 725 insigne
392 672 527 720 esset,
560 666 645 708 soli
665 665 826 710 Judaei
847 665 1093 708 Abrahami
1111 665 1342 707 domestici
1364 671 1513 707 essent
1534 663 1674 706 heati-

194 729 391 783 tatisque
412 722 662 768 Abrahami
681 723 877 765 familiae
899 723 1143 780 promissae
1165 723 1405 780 participes
1423 736 1565 779 neque
1585 720 1674 762 nisi
1714 772 1716 774 Ι

195 784 465 831 Judaeorum
494 794 644 823 curam
673 780 800 823 Deus
837 781 1027 834 egisset3
1076 782 1199 835 atqui
1238 794 1287 821 eo
1319 780 1447 822 Deus
1484 778 1672 821 consilio

191 841 500 887 Abrahamum
518 838 821 881 circumsecari
842 837 1005 888 voluit,
1035 840 1083 878 ut
1115 837 1361 894 praecisum
1393 835 1672 893 praeputium

191 898 464 955 integritatis
495 899 797 950 argumentum
824 894 1032 946 haberet,
1064 908 1192 949 quam
1217 892 1322 946 fidei
1350 900 1571 949 acceptam
1602 906 1673 934 re-

193 958 389 1001 tulisset.
456 952 619 1009 Itaque
647 957 846 1008 quotquot
872 950 1004 1005 fidem
1032 949 1238 992 haberent
1267 956 1311 991 et
1340 948 1396 990 ad
1423 948 1674 992 Abrahami

189 1014 407 1058 familiam
439 1012 662 1069 pertinere
696 1014 740 1050 et
767 1008 1008 1050 honoribus
1044 1006 1294 1048 Abrahami
1329 1006 1526 1048 familiae
1569 1020 1672 1063 pro-

193 1072 346 1114 missis
371 1067 553 1111 mactari
575 1065 704 1108 Deus
725 1065 983 1106 circumciso
1004 1062 1265 1105 Abrahamo
1290 1064 1576 1106 manifestare
1597 1063 1673 1105 de-

192 1128 347 1172 crevit,
404 1123 599 1178 πατέρα]
645 1122 717 1165 Ne
745 1122 788 1163 in
820 1121 963 1179 patris
996 1134 1090 1162 voc.
1119 1122 1306 1175 exempli
1334 1121 1392 1163 ad
1417 1121 1675 1163 imitandum

189 1184 401 1243 propositi
430 1184 477 1238 (1
507 1182 645 1224 Mace.
673 1181 724 1231 2,
755 1179 827 1223 54.
857 1194 898 1221 V.
928 1176 1085 1219 Morus
1113 1177 1196 1232 al.)
1222 1179 1441 1220 notionem
1474 1176 1674 1220 includas

191 1243 247 1285 ab
271 1242 314 1286 h.
333 1243 366 1285 l.
393 1252 578 1297 prorsus
596 1238 808 1288 alienam,
839 1236 932 1293 Ap.
952 1235 1379 1289 argumentationem
1409 1251 1460 1278 eo
1485 1234 1594 1287 niti,
1624 1238 1674 1276 ut

192 1306 323 1359 pater
354 1297 556 1356 familiae
586 1293 781 1336 conditor
810 1293 870 1334 sit
897 1297 939 1334 et
962 1295 1090 1346 capnt
1110 1292 1343 1334 tenendum
1365 1298 1449 1336 est.
1505 1291 1560 1334 ln
1579 1297 1674 1334 toto

192 1357 308 1400 enim
329 1357 360 1398 l.
381 1353 555 1397 Abrah.
577 1350 615 1392 is
637 1354 890 1407 spectatur,
922 1349 993 1390 cui
1015 1353 1058 1390 et
1078 1348 1190 1407 ipsi,
1221 1350 1417 1393 familiae
1439 1348 1674 1402 conditori,

192 1419 239 1457 et
271 1412 368 1472 ejus
399 1409 596 1453 familiae
624 1407 873 1454 laetissima
900 1407 1119 1463 promissa
1139 1406 1267 1449 Deus
1296 1407 1492 1459 dederit,
1520 1412 1570 1449 ut
1592 1405 1674 1448 du-

192 1470 329 1514 bitari
350 1471 556 1525 nequeat,
590 1465 697 1521 quin
731 1464 1016 1507 fortunentur
1057 1464 1133 1520 qui
1164 1463 1219 1506 ad
1246 1465 1421 1508 Abrah.
1460 1465 1673 1507 familiam

191 1528 446 1587 pertineant
473 1526 536 1581 (v.
559 1523 628 1566 13.
651 1523 761 1577 16.).
822 1520 945 1563 lllud
976 1527 1024 1562 ut
1053 1535 1077 1561 a
1101 1521 1256 1576 quovis
1275 1520 1596 1563 concedendum
1619 1519 1672 1562 P.

190 1586 341 1644 ponit,
370 1596 456 1625 non
486 1595 585 1623 esse
613 1594 667 1621 ex
689 1578 866 1621 Abrah.
886 1577 1053 1619 familia
1076 1578 1165 1619 nisi
1186 1578 1412 1630 homines,
1442 1579 1486 1621 in
1511 1578 1672 1635 quibus

193 1643 256 1685 sit
283 1640 427 1700 patris
458 1636 683 1692 ingenium
703 1635 827 1691 (Gal.
848 1636 896 1686 3,
914 1635 996 1688 7.).
1032 1629 1087 1674 δι’
1117 1629 1431 1690 ἀκροβυστίας]
1464 1636 1563 1678 dum
1584 1636 1672 1676 sint

190 1696 488 1755 praeputiati:
519 1695 575 1737 ef.
604 1696 696 1735 not.
729 1691 786 1733 ad
817 1691 868 1745 2,
897 1691 987 1734 27..
1047 1689 1107 1733 V.
1139 1688 1204 1741 εἷς
1235 1693 1282 1733 τὸ
1312 1692 1403 1746 λογ.
1428 1694 1501 1734 καὶ
1522 1687 1673 1740 αὐτοῖς

190 1755 270 1813 τὴν
292 1750 596 1807 δικαιοσύνην,
630 1749 869 1806 a·Gricsb.,
900 1748 1105 1803 Knappe'o
1134 1749 1194 1792 al.
1227 1749 1352 1790 uncis
1380 1750 1494 1792 male
1517 1753 1674 1806 saepta

191 1817 293 1857 ante
316 1810 532 1853 dictorum
565 1804 628 1856 εἷς
654 1804 705 1848 τὸ
729 1808 841 1848 εἰναι
866 1801 998 1847 αὐτὸν
1027 1805 1244 1862 πατέρα
1275 1820 1320 1846 π.
1342 1821 1377 1846 τ.
1404 1822 1450 1847 τι.
1472 1806 1510 1847 ὁ.
1534 1802 1572 1846 ἀ.
1596 1820 1672 1862 ep·

191 1869 402 1924 exegesin
421 1865 645 1909 continent
662 1868 705 1905 et
725 1862 878 1919 quanti
899 1862 958 1902 sit
978 1860 1281 1903 Abrahamum
1310 1869 1479 1920 patrem
1508 1862 1671 1904 habere

191 1926 488 1971 constituunt:
528 1921 668 1963 voluit
692 1919 815 1961 Deus
838 1918 1146 1960 Abrahamum
1171 1924 1340 1973 patrem
1362 1935 1452 1961 esse
1479 1920 1672 1961 omnium

193 1998 368 2036 eorum,
419 1979 496 2037 qui
536 1976 808 2036 praeputiati
847 1973 976 2016 fidem
1011 1974 1282 2031 praebeant,
1329 1976 1391 2017 iia
1432 1981 1477 2017 ut
1516 1979 1672 2032 (quum

191 2041 370 2087 Abrah.
391 2039 548 2080 horum
568 2035 789 2077 hominum
812 2037 938 2090 pater
958 2031 1040 2086 sit)
1061 2037 1104 2073 et
1125 2032 1237 2089 ipsis
1268 2033 1501 2087 integritas
1531 2033 1673 2091 impu-

192 2105 330 2144 tetur.
396 2095 751 2139 Consentaneum
781 2094 850 2132 est
879 2089 993 2131 enim
1028 2104 1161 2145 quum
1199 2094 1375 2147 patruni
1416 2096 1674 2133 ornamenta

191 2158 302 2201 filiis
331 2151 573 2203 committi,
609 2154 700 2191 tum
735 2147 985 2191 Abrahami
1022 2147 1312 2189 emolumenta
1343 2147 1439 2205 ejus
1479 2148 1674 2206 posteris

192 2211 398 2264 concedi,
428 2208 589 2266 quibus
610 2206 738 2248 Deus
759 2204 939 2247 eandem
971 2218 1099 2259 quam
1123 2218 1284 2262 proavo
1313 2205 1567 2247 felicitatem
1596 2205 1673 2248 be-

193 2273 327 2327 nigne
354 2267 491 2310 fuerit
528 2264 753 2323 pollicitus
781 2268 842 2318 (v.
881 2261 946 2303 13.
981 2263 1088 2313 16.).
1151 2261 1320 2303 Vocula
1351 2260 1425 2302 καί
1465 2277 1596 2319 quum
1628 2268 1673 2305 et

195 2327 427 2387 aptissima
457 2324 517 2365 sit
543 2323 623 2378 (ita
657 2326 705 2362 ut
734 2324 774 2361 et
797 2320 901 2373 ipsis
930 2319 1163 2369 integritas
1199 2319 1440 2376 imputetur
1465 2334 1537 2377 np.
1558 2320 1674 2361 sicut

191 2385 454 2432 Abrahamo
477 2381 619 2439 patri,
651 2377 727 2435 qui
759 2376 813 2418 ob
845 2375 971 2417 fidem
996 2375 1091 2417 Deo
1119 2376 1338 2434 placuerit
1364 2378 1672 2435 praeputiatus

196 2468 237 2496 v.
264 2452 357 2505 10.)
393 2453 437 2492 et
470 2452 573 2505 post
612 2446 872 2500 λογιςῧῆνᾱ(
897 2447 1026 2489 facile
1054 2446 1330 2489 interciderit
1357 2448 1506 2503 (abest
1525 2455 1669 2490 autem

195 2509 251 2551 ab
273 2512 334 2552 A.
356 2508 410 2551 B.
437 2505 512 2549 47.
535 2504 609 2548 73.
628 2504 702 2545 74.
733 2501 817 2546 Mt.
844 2501 887 2545 d.
919 2505 1024 2556 aL),
1063 2505 1176 2545 male
1204 2504 1453 2547 adulterina
1483 2505 1576 2547 visa
1605 2507 1670 2546 est

197 2566 345 2614 Millio
379 2563 501 2606 Prol.
544 2563 586 2615 ξ.
617 2560 746 2604 1352.
781 2565 825 2601 et
851 2560 1044 2612 Griesb„
1085 2561 1228 2603 deleta
1269 2577 1292 2603 a
1330 2562 1521 2605 Lachm..
1576 2558 1668 2616 τὴν

197 2621 497 2676 δικαιοσύνην]
529 2620 592 2662 A.
626 2618 699 2661 32.
724 2617 797 2660 4¹1.
831 2616 913 2660 Mt.
946 2633 983 2663 c.
1014 2633 1057 2675 q.
1091 2618 1195 2674 Syr.
1224 2619 1362 2674 Vulg.
1394 2620 1453 2663 al.
1486 2617 1569 2668 εἰς
1597 2616 1668 2657 δι-

199 2676 434 2732 καιοσύνην
456 2692 478 2718 e
499 2691 564 2720 vs·
583 2676 626 2719 3.
650 2675 693 2719 5.
714 2676 783 2726 9.,
815 2675 901 2717 nisi
925 2676 1040 2717 sorte
1060 2675 1221 2733 duplex
1247 2674 1312 2725 εἷς
1332 2676 1448 2733 quod
1471 2673 1667 2733 proxime.

197 2733 422 2794 praecedit
446 2733 646 2774 librariis
675 2730 871 2774 fraudem
901 2733 1079 2777 fecerat.
1144 2733 1265 2776 Haec
1305 2729 1664 2777 lectiosvntaxin

199 2791 397 2852 impedit.
457 2789 669 2832 Contorte
699 2790 812 2831 enim
851 2805 873 2830 e
903 2791 989 2830 τῶν
1020 2790 1318 2832 πιστευόντων
1346 2781 1554 2831 ducas'r&
1587 2802 1669 2826 ,71-

198 2851 381 2894 στεῧσαι
407 2848 451 2891 h.
486 2860 563 2891 nu:
616 2845 680 2894 εἷς
720 2845 770 2886 τὸ
799 2846 888 2901 λογ.
919 2848 992 2889 καὶ
1020 2843 1171 2895 αὐτοῖς
1196 2845 1261 2898 εἷς
1290 2842 1571 2901 δικαιοσύνῃ
1608 2839 1669 2883 ‘td

1573 2917 1604 2942 rr
1617 2917 1630 2942 ι
1647 2926 1671 2932 -
