1752 3347
484 174 641 220 CAP.
674 175 767 220 lv.
803 174 897 218 Vs.
930 173 1010 218 11.
1043 175 1096 215 et
1126 171 1219 216 12..
1501 168 1584 211 221

113 287 354 343 imperatus
384 289 453 325 est
484 283 698 326 divinitus
723 284 885 325 Genes.
908 282 986 333 1⁷,
1003 281 1046 323 9.
1069 294 1164 337 sq.,
1204 291 1334 334 quam
1354 275 1453 319 Deo
1481 290 1585 334 pro-

111 347 210 400 pter
231 340 358 384 fidem
377 340 588 398 probatus
607 344 725 382 esset
746 340 907 383 Genes.
931 338 1008 389 15,
1029 339 1090 381 6..
1146 338 1204 379 V.
1231 337 1298 379 ll.
1321 340 1364 378 et
1384 334 1452 377 12.
1496 332 1587 376 Sed

112 398 229 455 quod
263 397 313 442 P.
349 397 651 439 Abrahamum
681 398 937 455 priusquam
977 391 1363 436 circumcideretur
1402 395 1586 449 propter

109 455 356 512 praebitam
389 454 516 496 fidem
550 455 649 496 Deo
679 454 900 510 placuisse
933 467 972 496 V.
1008 453 1075 495 10.
1106 450 1306 502 dixerat,
1343 463 1394 492 eo
1422 448 1585 504 aliquis

110 512 165 554 ad
202 513 311 554 hanc
341 511 662 552 cavillationem
699 510 845 551 induci
887 513 1081 565 poterat:
1135 508 1254 549 nulla
1295 506 1434 562 igitur
1469 504 1585 546 ratio

111 573 231 619 erat,
261 581 339 608 cur
357 566 484 608 Deus
504 566 809 608 Abrahamum
833 565 1140 607 circumsecari
1155 564 1350 623 juberet,
1378 563 1447 604 cui
1467 577 1585 604 sum-

111 638 223 666 mum
259 622 390 664 decus
416 622 509 680 jam
536 629 666 665 antea
697 620 799 662 dum
830 626 951 663 esset
980 623 1287 678 praeputiatus
1317 620 1474 677 adepto
1502 620 1587 660 cir-

111 678 345 722 cumcisum
373 691 470 720 esse
498 678 613 719 nihil
640 677 889 734 prodesset.
946 677 1031 720 Cui
1059 678 1330 720 cavillationi
1355 675 1586 731 ingeniose

107 738 201 793 Ap.
223 735 295 777 hic
320 734 526 776 occurrit.
586 734 731 776 Docet
751 736 864 777 enim
885 732 1047 776 idcirco
1072 734 1375 776 Abrahamum
1398 733 1585 774 circum-

107 792 249 835 secari
273 791 448 851 jussum
480 806 605 845 esse,
634 795 679 834 et
707 796 755 833 ut
785 792 1033 848 praecisum
1055 791 1333 848 praeputium
1355 791 1445 832 Dei
1462 791 1585 832 favo-

108 849 271 902 ris,‘in
295 863 425 905 quem
446 849 610 904 inteyro
630 849 859 904 praeputio
878 847 933 889 oh
958 845 1088 901 fidem
1110 863 1233 889 suam
1260 848 1456 890 venisset
1486 847 1584 904 ipse

104 907 259 962 pv'ymcs
277 905 483 958 haberet,
512 910 556 948 et
576 909 625 947 ut
653 909 744 946 tum
767 905 1046 962 praeputium
1074 905 1318 960 gerentium
1345 904 1586 959 mutilium,

108 963 183 1020 qui
197 962 328 1016 fidem
347 962 506 1004 animis
525 961 851 1019 concepissent,
878 967 970 1003 tum
996 961 1383 1003 circumsectorum
1403 961 1585 1003 Judueo-

105 1034 227 1071 rum,
259 1019 336 1076 qui
365 1023 409 1061 et
426 1019 515 1077 ipsi
537 1017 664 1073 fidem
693 1020 887 1071 alerent,
913 1022 1041 1076 pater
1060 1023 1194 1062 esset.
1252 1016 1326 1060 Ita
1345 1017 1584 1074 sapientis-

109 1077 219 1118 simo
252 1076 439 1118 consilio
468 1075 613 1118 Deum
643 1074 981 1117 circumcidendi
1014 1075 1237 1133 praeputii
1274 1075 1585 1116 necessitatem

109 1133 368 1176 Abrahamo
402 1133 651 1191 injunxisse
688 1132 888 1175 effectum
926 1141 1037 1176 erat.
1104 1132 1220 1175 Nam
1254 1135 1299 1174 et
1323 1131 1584 1175 Abrahamo

108 1189 232 1232 utilis
270 1190 355 1231 fnit
392 1183 689 1243 circumcisio,
737 1190 806 1231 cui
848 1190 1096 1247 praecisum
1140 1189 1420 1248 praeputium
1460 1202 1585 1230 suam

106 1246 376 1304 praeputiati
404 1246 533 1288 fidem
555 1246 652 1288 Deo
680 1247 904 1304 placuisse
933 1252 1191 1301 argumento
1222 1250 1365 1298 esset,
1395 1251 1441 1288 et
1464 1246 1584 1287 fruc-

105 1308 234 1346 tuosa
266 1303 482 1361 posteris,
531 1304 605 1360 qui
639 1318 771 1360 quum
801 1303 1061 1346 Abrahamo
1092 1303 1469 1346 circumcisionem
1499 1316 1585 1344 non

112 1361 202 1402 alio
225 1360 338 1411 fine,
367 1361 455 1402 nisi
476 1366 523 1402 ut
543 1361 583 1402 ei
603 1359 656 1402 de
687 1361 861 1413 favore,
891 1375 977 1416 quo
996 1366 1174 1416 propter
1200 1360 1368 1417 fidem
1396 1373 1584 1414 praepu-

106 1417 261 1460 tiatum
271 1416 397 1459 Deus
416 1418 645 1473 amplexus
666 1422 798 1469 esset,
819 1421 938 1458 certo
963 1421 1187 1459 constaret
1209 1417 1466 1473 imperatam
1485 1431 1586 1457 esse

108 1488 156 1515 re
190 1478 416 1527 utassent,
454 1473 514 1515 ad
543 1474 791 1516 Abrahami
821 1474 1034 1516 familiam
1066 1474 1292 1531 pertinere
1331 1472 1584 1529 quicunque

102 1487 232 1583 fidle’m
256 1529 539 1582 habuissent,
570 1536 662 1571 tum
690 1531 995 1587 praeputiatos
1026 1536 1117 1572 tum
1151 1531 1487 1581 circumsectOS,
1517 1529 1584 1571 fa-

104 1585 187 1627 cile
214 1585 534 1641 intelligerent.
595 1585 817 1640 Quoniam
848 1585 1095 1640 en‘imfides
1115 1587 1374 1629 Abrahamo
1396 1585 1487 1627 Dei
1516 1586 1583 1628 fa-

107 1657 254 1686 vorem
275 1643 609 1696 conciliaverat,
635 1641 766 1696 fidem
787 1642 986 1684 homines
1007 1643 1266 1684 Abrahamo
1288 1646 1496 1698 cognatos
1517 1643 1584 1684 fa-

107 1713 206 1741 cere
229 1699 481 1756 nulliusque
509 1699 565 1741 ad
592 1699 714 1740 illam
743 1714 838 1751 cum
859 1699 1116 1742 Abrahamo
1143 1700 1445 1756 cognationem
1468 1713 1584 1741 com-

106 1755 346 1813 parandam
371 1757 580 1799 momenti
603 1771 725 1809 esse,
754 1762 899 1797 utrum
919 1755 1003 1810 fide
1019 1758 1244 1812 praeditus
1273 1756 1581 1814 praeputiatus

106 1824 162 1855 an
193 1812 477 1856 circumcisus
504 1818 623 1855 esset
651 1812 970 1855 concedendum
1009 1819 1121 1857 erat.
1191 1814 1280 1869 Qui
1317 1814 1357 1855 si
1392 1828 1581 1871 praepu-

104 1869 215 1912 tium
236 1871 411 1925 gereret
425 1903 436 1923 ,
467 1871 511 1912 in
532 1872 582 1912 ea
603 1876 700 1912 erat
719 1869 992 1923 conditione,
1022 1871 1067 1913 in
1089 1871 1172 1928 qua
1196 1872 1293 1928 ipse
1316 1870 1491 1913 Abrah.
1525 1870 1582 1911 ob

109 1925 234 1968 fldem
262 1926 362 1969 Deo
390 1927 602 1984 probatus
635 1931 777 1977 esset3
821 1927 892 1968 sin
926 1927 970 1968 in
1000 1928 1358 1969 circumcisorum
1389 1925 1579 1970 Judaeu-

106 1997 200 2023 rum
248 1997 427 2024 numero
479 1987 623 2035 esset,
669 1997 764 2024 eam
812 1983 1058 2024 cicatricem
1099 1999 1283 2042 corpore
1333 1988 1584 2040 exceperat,

108 2053 238 2096 quam
256 2039 431 2082 Abrah.
454 2040 558 2080 olim
579 2044 810 2096 acceperat
830 2044 1065 2097 propterea
1081 2073 1092 2092 ,
1120 2046 1169 2083 ut
1184 2040 1314 2094 fidem
1336 2055 1460 2082 suam
1479 2040 1580 2081 Deo

105 2095 335 2152 probatam
356 2110 455 2138 esse
478 2100 597 2138 certo
616 2097 765 2139 sciret.
825 2097 1026 2140 Ceterum
1049 2099 1142 2154 Ap.
1165 2112 1248 2139 non
1271 2101 1320 2138 ut
1351 2112 1400 2139 se
1430 2111 1485 2139 ex
1512 2097 1582 2138 la-

106 2152 257 2209 queis,
288 2167 397 2209 quos
426 2158 527 2195 ante
554 2167 594 2196 v.
622 2154 689 2196 10.
719 2152 850 2195 dictis
878 2153 965 2195 sibi
991 2155 1087 2211 ipse
1115 2155 1360 2211 posuisset,
1401 2152 1579 2211 expedi-

105 2212 205 2262 ret‚·
231 2209 307 2251 sed
337 2209 438 2266 quia
465 2211 509 2252 in
537 2209 617 2251 hac
648 2210 864 2252 sententia
900 2216 1042 2263 esset,
1080 2217 1127 2253 ut
1145 2211 1293 2253 Deum
1323 2225 1466 2266 neque
1484 2210 1577 2252 foe-

105 2263 188 2308 dus
207 2279 302 2307 cum
322 2266 578 2309 Abrahamo
606 2267 949 2321 compositurum
972 2282 1111 2323 neque
1142 2283 1239 2310 eum
1267 2265 1580 2309 circumciden-

106 2320 206 2363 dum
233 2327 486 2365 curaturum
515 2324 654 2365 fuisse
687 2324 798 2367 Gen.
829 2326 905 2377 17,
928 2326 970 2368 2.
994 2340 1085 2380 sq„
1124 2325 1213 2367 nisi
1240 2324 1326 2366 viri
1351 2323 1461 2365 fides
1491 2323 1578 2367 sibi

106 2382 232 2420 antea
254 2380 496 2436 placuisset
519 2380 629 2423 Gen.
651 2383 728 2434 15,
753 2383 796 2424 6.
827 2387 1049 2434 censeret,
1080 2382 1160 2423 hac
1183 2379 1578 2437 argumentatione,

104 2435 152 2476 in
183 2437 269 2492 qua
298 2436 352 2477 ab
383 2436 560 2480 Abrah.
592 2443 839 2495 susceptam
872 2438 1247 2479 circumcisionem
1275 2437 1364 2481 div.
1394 2436 1576 2491 favoris,

104 2491 151 2532 in
180 2506 310 2548 quem
343 2492 396 2534 ob
425 2492 553 2534 fidem
583 2494 892 2553 praeputiatus
929 2495 1147 2547 venisset,
1181 2495 1343 2552 pignus
1370 2500 1415 2536 'ct
1442 2509 1576 2549 argu·

105 2552 295 2590 mentum
335 2551 525 2603 vocavit,
570 2566 696 2593 usum
737 2566 836 2594 esse
875 2552 984 2592 mihi
1022 2552 1150 2609 plane
1191 2565 1451 2608 persuasum
1489 2555 1574 2593 est.

105 2607 286 2660 σημεῖον
315 2603 376 2648 ἔλ.
406 2608 668 2662 περιτομῆς]
728 2607 811 2649 Est
841 2608 1074 2651 Genitivus
1113 2608 1430 2665 appositionis,
1468 2607 1500 2652 i.
1529 2622 1574 2663 q.

105 2663 178 2703 καὶ
208 2665 387 2714 σημεῖον
416 2659 570 2714 ἔλαβε,
613 2662 638 2701 ὅ
670 2662 764 2706 ἐστι
793 2663 1037 2718 περιτομή·
1062 2690 1113 2695 -
1142 2666 1314 2720 signum
1341 2663 1459 2721 quod
1489 2665 1574 2706 cir-

105 2718 367 2760 cumcisione
389 2723 627 2761 constaret.
687 2718 841 2771 (Hom.
865 2719 951 2764 Od.
975 2723 997 2761 1
1013 2753 1024 2768 ,
1046 2721 1089 2763 2.
1137 2719 1302 2778 Τροίης
1321 2718 1440 2776 ἱερὸν
1460 2736 1574 2761 nw-

105 2772 301 2831 λίεθρῃν.
362 2775 456 2818 Jac.
480 2777 526 2825 l,
550 2776 618 2817 12.
664 2771 686 2814 ὃ
709 2774 927 2832 στέφανος
957 2778 1035 2831 τῆς
1066 2777 1221 2833 ζωῆς).
1278 2777 1396 2820 Male
1414 2776 1572 2819 Rueck.

104 2832 305 2875 resolvit:
353 2848 389 2872 κ.
420 2834 599 2887 σημεῖον
628 2828 688 2874 ἔλ.
720 2830 796 2887 τὴν
824 2830 1068 2889 περιτομήν
1096 2839 1138 2876 ee
1166 2839 1373 2892 tanquam
1403 2834 1572 2889 siquam
