1752 3347
200 180 259 208 xn
641 163 1234 210 PROLEGOMENA.

200 279 409 314 transacta
426 274 573 314 afferre
592 274 734 326 potuit.
794 274 931 324 Neque
960 273 1064 313 enim
1085 274 1190 314 ludis
1211 273 1458 314 Graecorum
1478 273 1669 314 litorariis

200 342 316 370 usum
334 343 423 371 esse
437 363 448 382 ,
490 331 556 383 qui
581 332 596 384 j
605 332 768 371 udaie-ae
789 329 1030 381 disciplinae
1051 338 1155 370 esset
1175 345 1196 371 e
1213 330 1527 371 Pharisaeorum
1549 329 1669 371 insti-

200 388 295 428 tutis
322 387 482 428 futurus
510 388 703 440 magister
724 387 912 427 credibile
938 394 1022 438 est,
1054 393 1111 434 et,
1141 389 1178 427 si
1198 401 1279 428 non
1299 401 1419 440 puer,
1463 394 1569 427 certe
1596 390 1667 427 ad-

197 446 355 485 modum
369 445 530 498 juvenis
552 445 837 497 Hierosolyma
863 443 927 483 vel
957 456 983 483 a
1000 444 1231 495 parentibus
1255 446 1401 486 missus
1423 452 1506 495 est,
1535 444 1667 484 veliis

196 503 366 542 mortuis
388 504 511 543 orhns
530 504 579 542 ah
603 515 741 541 sorore
760 503 952 541 deductus
971 501 1078 547 (Act.
1099 501 1169 551 23,
1193 501 1306 554 16.)‚
1336 508 1378 540 ut
1401 501 1455 540 ihi
1477 514 1599 552 quum
1624 500 1669 553 (a

198 573 338 599 sorore
350 560 370 599 ’.ἱ
401 574 439 600 v.
459 561 543 601 Act.
565 560 633 610 23,
660 560 726 599 16.
758 559 811 600 cl.
835 559 905 610 22,
927 558 993 611 3.)
1020 560 1271 609 educaretur,
1302 565 1384 598 tum
1404 571 1429 597 a
1449 557 1669 604 Gamaliele

196 616 392 667 magistro
414 616 726 656 Pharisaeorum
744 615 887 657 studiis
905 615 1156 665 initiaretur,
1188 622 1225 654 et
1245 615 1425 655 redolent
1443 615 1561 655 Pauli
1582 614 1667 665 epi-

197 673 328 713 stolae
356 673 620 712 eruditionem
639 673 865 725 judaicam,
905 686 986 712 non
1009 684 1213 725 graecam.
1271 672 1431 723 Quippe
1451 671 1498 713 V.
1522 672 1575 713 T.
1603 672 1667 711 in-

196 730 453 781 terpretatio,
483 729 716 781 disputandi
748 730 848 770 ratio
882 736 919 770 et
941 729 1074 780 ipsum
1097 743 1226 781 genus
1248 729 1402 769 dicendi
1423 729 1611 769 subtilem
1632 736 1669 768 et

194 786 453 826 exercitatum
473 786 713 827 Gamalielis
745 786 991 838 discipulum
1019 794 1218 839 arguunt3
1258 799 1359 839 quas
1388 794 1519 825 autem
1550 786 1667 825 valde

195 844 421 884 celebratas
451 856 689 895 graecorum
718 847 925 895 poetarum
955 844 1172 885 sententias
1201 842 1362 894 citavit,
1402 855 1524 882 unam
1552 842 1667 883 Arati

194 902 282 942 Act.
306 901 373 951 17,
392 901 484 952 28.,
514 901 683 941 alteram
703 901 918 942 Menandri
952 902 973 941 l
996 902 1090 941 Cor.
1112 902 1178 951 15,
1198 900 1293 952 33.,
1324 901 1481 940 tertiam
1503 900 1667 952 Epime-

193 957 299 998 nidis
325 957 409 998 Tit.
435 959 474 1006 l,
496 958 585 1009 12.,
627 972 695 999 cas
715 958 885 998 Paulum
918 958 1063 999 afferre
1097 957 1299 1009 potuisse,
1338 958 1374 997 si
1395 971 1444 997 ne
1464 957 1665 1009 attigisset

194 1015 353 1067 quidem
380 1017 522 1065 poetas
547 1021 740 1067 graecos,
780 1029 861 1054 non
882 1018 999 1055 modo
1017 1015 1059 1056 in
1087 1015 1138 1055 iis
1161 1014 1363 1054 volutatus
1389 1022 1521 1066 esset,
1551 1027 1664 1054 nemo

190 1085 270 1112 non
290 1071 409 1112 hodie
429 1073 627 1113 concedit.
667 1072 816 1122 Quidni
839 1072 946 1112 enim
965 1073 1029 1123 qui
1050 1073 1090 1111 in
1111 1073 1322 1111 multorum
1337 1072 1580 1112 Graecorum
1598 1084 1666 1110 ore

189 1136 305 1169 erant
323 1141 465 1168 versus
485 1129 621 1168 auditu
642 1129 895 1180 perceperit?
935 1130 994 1178 (v.
1015 1127 1305 1169 Thalemann.
1366 1129 1425 1167 De
1449 1128 1667 1167 eruditione

189 1187 233 1227 P.
251 1185 442 1238 judaica,
479 1199 560 1224 non
581 1187 731 1237 graeca
751 1186 869 1236 Lips.
891 1186 1015 1225 1769.
1035 1185 1077 1224 4.
1109 1186 1161 1224 cl.
1188 1184 1435 1224 Schramm.
1495 1183 1553 1223 De
1573 1192 1665 1223 stu-

188 1243 341 1295 pemlt?
375 1242 596 1282 eruditione
625 1243 670 1282 P.
698 1243 778 1293 Ap.
808 1241 933 1282 Herb.
966 1240 1090 1282 1710.
1118 1240 1195 1294 4.).
1257 1241 1452 1280 Solehant
1483 1242 1665 1279 doctores

185 1301 273 1353 jud.
299 1298 514 1351 opificium,
548 1313 624 1350 quo
643 1313 686 1338 se
708 1304 994 1348 sustentarent,
1028 1298 1251 1337 addiscere.
1301 1298 1354 1337 Et
1375 1297 1420 1337 P.
1441 1297 1597 1347 quidem
1616 1300 1664 1336 ad

188 1370 326 1398 corum
347 1356 413 1407 qui
435 1357 696 1396 tabernacula
716 1356 743 1396 i.
765 1369 798 1394 e.
818 1353 1170 1394 tabernaculorum
1183 1353 1296 1403 vela,
1328 1353 1460 1393 cilicia
1480 1354 1666 1403 maxime,

188 1414 446 1454 confecerunt
469 1420 598 1452 artem
622 1425 666 1452 sc
688 1411 877 1461 contulit,
906 1423 930 1450 a
953 1410 1086 1451 multis
1108 1418 1191 1450 tum
1207 1411 1246 1450 in
1266 1411 1411 1451 Cilicia
1435 1412 1581 1452 cultam
1606 1411 1665 1465 (v.

185 1472 275 1512 Act.
298 1471 366 1522 18,
390 1470 430 1510 3.
471 1476 508 1509 ct
537 1467 889 1520 HugiiOEin1.11,
910 1468 1006 1508 291.
1034 1481 1095 1518 sq.
1137 1469 1197 1507 ed.
1218 1467 1298 1519 2.).
1356 1469 1482 1521 Cujus
1517 1468 1664 1519 opificii

186 1528 413 1568 tirocinium
434 1527 469 1565 si
489 1527 531 1565 iu
555 1527 650 1577 ipsit
667 1524 814 1567 Cilicia
833 1524 1033 1574 absolvit,
1066 1537 1163 1575 puer
1187 1523 1412 1575 quindecim
1433 1525 1516 1564 sere
1540 1539 1664 1565 anno-

185 1599 274 1625 rum
308 1585 480 1635 primum
510 1582 797 1634 Hierosolyma
823 1581 944 1623 venit.
1001 1581 1058 1620 lhi
1087 1582 1225 1620 desum
1254 1595 1380 1633 neque
1413 1583 1511 1622 vidit
1538 1596 1664 1633 neque

185 1642 350 1682 audivit.
408 1640 513 1680 Nam
532 1639 667 1679 Jcsum
692 1639 803 1678 coelo
825 1645 1030 1689 receptum
1056 1637 1347 1677 eiDamascum
1370 1640 1512 1689 petenti
1534 1640 1661 1691 primo

183 1713 227 1740 sc
258 1712 330 1751 per
356 1696 596 1736 miraculum
620 1697 820 1735 obtulisse
855 1708 905 1733 cx
925 1695 1013 1735 Act.
1034 1695 1102 1745 22,
1125 1695 1190 1734 14.
1222 1697 1273 1736 cl.
1295 1696 1336 1745 9,
1359 1698 1399 1736 5.
1431 1697 1498 1746 22,
1520 1698 1560 1736 8.
1593 1696 1663 1746 26,

183 1756 252 1797 15.
284 1757 305 1796 1
333 1754 427 1795 Cor.
448 1755 488 1804 9,
511 1755 547 1794 1.
580 1755 647 1803 15,
671 1755 712 1794 8.
743 1751 948 1792 discimus.
1009 1750 1089 1791 Sed
1104 1752 1258 1792 Christi
1278 1753 1458 1792 doctriua
1484 1754 1662 1804 ahApo-

184 1813 303 1854 stolis
333 1811 490 1852 fortiter
520 1811 670 1850 tradita
699 1821 722 1848 a
755 1809 971 1860 multisque
1004 1808 1121 1847 avide
1163 1816 1332 1860 excepta
1365 1809 1662 1863 Hierosolymis

183 1876 334 1911 tantam
357 1868 439 1907 acri
461 1868 599 1920 juveni
621 1874 658 1908 et
678 1866 900 1907 vehementi
933 1865 1247 1917 indignationem
1271 1873 1498 1919 tantumque
1527 1869 1661 1907 odium

181 1927 303 1967 movit
338 1933 379 1965 ut
411 1925 616 1975 improbo,
655 1937 771 1975 quem
805 1924 913 1974 pium
941 1930 1022 1962 tum
1051 1922 1389 1974 interpretabatur
1417 1926 1506 1966 Act.
1528 1926 1597 1976 22,
1620 1923 1662 1965 3.

182 1985 252 2034 26,
274 1985 340 2034 9.,
379 1983 516 2022 surore
548 1982 590 2021 in
619 1981 880 2022 Christianos
911 1981 1087 2020 saeviret
1115 1980 1206 2021 Avi.
1229 1981 1269 2031 7,
1300 1982 1368 2021 59.
1400 1983 1440 2028 8,
1465 1984 1500 2023 1.
1531 1983 1599 2030 22,
1620 1981 1660 2022 4.

181 2041 250 2092 26,
273 2040 340 2081 10.
372 2040 463 2081 Gal.
486 2041 525 2089 1,
547 2040 615 2080 13.
675 2038 839 2079 Scilicet
871 2037 937 2088 qui
969 2038 1124 2077 nullum
1147 2038 1329 2078 Messiae
1359 2040 1478 2079 decus
1504 2038 1544 2078 in
1565 2039 1661 2079 Jesu

181 2091 443 2149 agnosceret,
474 2096 509 2135 ei
531 2095 715 2136 doctrina
734 2095 875 2135 christ.
897 2108 975 2134 non
998 2101 1149 2134 tantum
1167 2095 1322 2144 inanis,
1354 2098 1422 2135 sed
1445 2096 1566 2135 etiam
1586 2096 1661 2134 im-

184 2157 313 2206 proba
332 2153 423 2193 visa
449 2160 531 2203 est,
564 2160 605 2191 nt
627 2166 746 2203 quam
768 2159 848 2191 tum
870 2152 1007 2191 diviua
1029 2152 1161 2191 Mosis
1179 2153 1359 2191 instituta
1374 2184 1384 2202 ,
1417 2160 1498 2192 tum
1519 2161 1660 2193 sanctu

183 2212 496 2252 Pharisaeorum
524 2210 699 2262 placita,
739 2222 905 2261 quorum
929 2223 1008 2248 non
1028 2209 1158 2248 minor
1180 2209 1253 2248 suit
1280 2210 1507 2249 reverentia
1523 2217 1558 2248 et
1583 2222 1658 2247 au-

183 2270 352 2309 ctoritas
384 2268 477 2308 Gal.
500 2269 537 2318 1,
563 2267 653 2317 14.,
684 2275 861 2306 evertere
894 2266 1102 2318 ipsumque
1122 2264 1247 2305 Deum
1280 2279 1518 2317 oppugnare
1546 2276 1659 2316 puta-

182 2332 256 2367 ret.
315 2326 393 2365 Sed
424 2337 544 2375 quum
567 2324 783 2375 cupiditate
808 2330 1044 2363 occaecatus
1066 2337 1182 2363 suum
1205 2325 1242 2363 in
1265 2324 1525 2363 Christianos
1549 2325 1658 2363 suro-

182 2396 266 2422 rcm
286 2382 327 2422 in
349 2381 513 2434 Syriam
531 2381 753 2421 transferre
774 2387 935 2432 pararet
961 2380 1133 2431 iterque,
1170 2389 1209 2420 ut
1234 2381 1272 2419 in
1294 2379 1552 2421 christianos
1574 2381 1657 2420 Da-

183 2451 391 2479 mascenos
423 2440 461 2477 vi
491 2446 777 2490 grassaretur,
818 2438 1029 2486 ingressus
1059 2446 1166 2477 esset
1204 2438 1474 2489 Damascum,
1520 2446 1656 2478 eventu

186 2498 356 2548 quodam
378 2496 584 2547 inopinato
608 2502 645 2536 et
666 2493 841 2536 mirabili
866 2495 974 2533 Deus
1003 2494 1155 2544 ell'ccit,
1186 2501 1226 2534 ut
1251 2496 1513 2535 saevissimus
1537 2494 1656 2534 Chri·

185 2553 236 2595 sti
275 2553 496 2593 insectator
536 2567 653 2603 quum
681 2553 855 2605 optimus
884 2551 1133 2603 maximeque
1165 2551 1252 2603 pius
1286 2553 1437 2593 Christi
1473 2550 1658 2591 aluminis

183 2610 396 2651 exsisteret
423 2617 503 2648 tum
526 2611 746 2661 Apostolus
776 2610 864 2650 Aet.
887 2610 928 2659 9,
952 2610 991 2651 3.
1022 2623 1083 2660 sq.
1123 2610 1193 2660 22,
1220 2609 1261 2651 6.
1295 2623 1355 2661 sq.
1392 2611 1461 2657 26,
1490 2609 1557 2649 12.
1581 2623 1658 2659 sq..

185 2666 498 2708 Diversisshuae
521 2675 555 2705 et
580 2675 668 2707 sunt
697 2676 732 2707 et
757 2667 915 2706 fuerunt
936 2667 1238 2717 Theologorum
1270 2668 1316 2706 de
1346 2680 1387 2705 re
1415 2665 1542 2705 Paulo
1572 2666 1655 2704 Da-

183 2737 362 2765 mascum
389 2724 535 2774 petenti
559 2725 712 2775 objecta
737 2725 797 2764 iel
821 2725 1039 2764 sentcntiae
1060 2727 1122 2763 vel
1146 2723 1355 2775 opiniones
1377 2724 1436 2776 (v.
1461 2723 1655 2773 iuterpre-

185 2791 243 2823 tes
267 2783 315 2823 ad
336 2782 423 2822 Avi.
443 2782 483 2821 9.
503 2781 541 2820 3.
566 2782 671 2831 sip),
703 2796 804 2833 «fluas
825 2783 956 2822 alieno
980 2783 1007 2823 l.
1032 2782 1097 2821 hic.
1128 2781 1462 2821 examinaremus.
1523 2780 1658 2829 Quare

189 2848 340 2880 tantum
365 2837 640 2878 contendimus
654 2870 663 2885 ,
696 2846 887 2890 quantum
910 2839 962 2879 ab
983 2838 1166 2880 omnihus
1186 2837 1429 2886 conceditur,
1459 2851 1500 2877 re
1521 2845 1658 2877 extra-
