1752 3347
492 198 651 245 GAP.
681 199 777 244 IV.
808 198 902 243 Vs,
935 199 1028 243 17..
1401 199 1487 242 239

21 306 132 350 riam
169 306 456 352 sententiam:
504 322 604 350 esse
631 307 806 351 Abrah.
842 306 1063 348 hominum
1101 308 1317 362 quotquot
1352 305 1482 349 fidem

19 364 234 418 habeant,
272 364 484 407 dix-initus
519 365 805 407 coustitutum
843 368 1069 419 parentem
1111 361 1182 417 (ὅς
1214 362 1309 406 ἐστι
1334 364 1483 417 margo

18 421 197 462 πάντων
219 418 337 478 ἡμῶν
354 447 408 452 -
428 422 652 464 κατέναντι
677 448 727 452 -
749 422 896 475 θεοῦ).
954 419 1085 476 Quod
1106 420 1145 461 si
1165 421 1224 462 ita
1250 424 1341 473 est,
1371 421 1483 462 solis

20 493 60 533 v.
88 491 162 532 καὶ
204 490 442 539 καλοῦντος
472 479 532 527 τὰ
568 480 636 542 μὴ
670 482 748 527 lim
761 499 789 525 cc
823 483 880 536 ὡς
905 481 1009 529 {hwa
1037 487 1297 529 Abrahamo
1331 487 1482 546 ejusve

15 546 165 588 suboli
193 544 433 597 alluditur,
472 560 588 589 voce.
618 551 761 586 autem
789 545 868 584 τοῦ
896 543 1032 594 {worn
1062 560 1099 586 τ.
1120 561 1154 585 ν.
1184 546 1318 601 (quae
1351 560 1480 600 quum

1 601 73 647 aP.
102 601 338 653 scriberet,
376 601 568 643 Christus
605 601 646 641 ei
682 601 737 641 ab
774 600 929 641 inferis
969 600 1185 642 excitatus
1223 602 1481 644 obversatus

0 652 118 701 ¹esse
153 657 326 700 videtur
362 657 418 698 cs.
444 670 484 699 v.
504 657 598 710 24.)
628 671 678 697 eo
719 658 803 698 line
834 657 1076 711 praemissa
1115 663 1237 711 sunt,
1272 662 1320 699 ut
1348 673 1482 713 quum

17 713 215 757 homines
235 716 432 754 mortuos
458 713 642 769 noudum
670 713 789 755 mztis
818 713 1102 768 opposuisset
1133 716 1319 770 uirisque
1336 715 1482 758 Deum

0 785 96 828 ,pro
119 770 196 812 sua
218 768 533 827 omnipotentia
563 769 695 811 vitam
727 769 888 823 largiri
907 769 1001 826 Ap.
1030 770 1289 815 affirmaret.
1345 770 1482 827 <Nam

0 825 69 869 ’τὰ
87 825 146 882 μὴ
165 820 290 876 ὄντα,
323 840 453 883 quum
472 828 566 875 τοῖς
584 828 752 880 νεκροῖς
772 826 847 883 qui
869 826 969 868 olim
991 826 1186 869 vixerint
1212 843 1263 869 ex
1294 827 1480 872 adverso

0 880 261 949 ponantur,
299 882 498 925 homines
531 887 636 924 sunt
661 883 845 924 nondum
874 882 921 925 iu
954 882 1094 929 lucem
1130 884 1266 937 editi,
1304 885 1334 928 i.
1362 900 1406 943 q.
1444 904 1482 928 κ.

0 940 109 985 ἑκαλ.
141 937 277 989 τοὺς
305 939 371 997 μὴ
406 934 569 988 ὄντας
600 935 665 988 ὡς
700 932 879 987 ὄντας.
941 937 1164 982 Neutrum
1196 940 1248 982 de
1275 943 1480 998 personis

0 998 106 1039 tum
127 996 360 1049 collocari,
389 1010 520 1054 quum
541 995 706 1052 aliquis
733 994 786 1038 de
814 995 872 1037 iis
903 997 1146 1049 generatim
1171 998 1294 1054 loqui
1319 1001 1484 1042 consti-

0 1053 174 1110 suerit,
201 1056 402 1105 constat3
441 1053 497 1097 cf.
530 1053 554 1094 l
578 1052 680 1097 Cor.
712 1054 762 1106 l,
789 1053 860 1096 27.
892 1053 965 1097 28.
993 1057 1039 1096 et
1065 1054 1242 1111 Sclmef.
1273 1055 1328 1098 ad
1356 1054 1482 1103 Plut.

0 1108 102 1167 }VI.
135 1125 180 1167 p.
208 1111 311 1154 480.
347 1108 402 1151 ad
432 1124 473 1154 v.
495 1108 550 1151 τὰ
576 1107 762 1161 ἔχθιστα
793 1110 866 1151 καὶ
893 1110 1209 1164 πολεμιώτατα
1237 1112 1281 1156 h.
1311 1127 1350 1157 e.
1378 1115 1485 1164 ’τοὺς

0 1163 250 1226 ᾗέχθίστους
269 1167 345 1210 καὶ
363 1163 776 1219 πολεμιωτάτους.)
833 1165 982 1217 Quare
1004 1167 1184 1225 probari
1214 1171 1370 1226 nequit
1391 1171 1482 1214 nisi

0 1221 351 1280 {interpretatim
397 1237 509 1279 quae
544 1225 638 1264 tum
676 1221 731 1264 τὰ
760 1221 820 1279 μὴ
846 1222 952 1268 ’ὄντα
981 1224 1036 1267 ad
1063 1225 1263 1267 homines
1289 1226 1482 1271 nondum

0 1266 143 1322 [natos
173 1283 218 1322 et
240 1274 346 1322 ὄντα
372 1279 429 1322 ad
457 1279 653 1321 homines
683 1283 807 1322 natos
838 1280 1024 1334 referat,
1053 1287 1143 1323 tum
1171 1283 1305 1325 verbo
1335 1286 1483 1328 καλεῖν

0 1310 236 1391 *notionem
260 1336 494 1396 subjiciat,
524 1336 611 1393 qua
640 1336 773 1378 verbo
804 1337 1038 1389 ζωοποιεῖν
1063 1339 1179 1381 helle
1198 1340 1482 1398 respondeat.

0 1392 132 1484 JMale
164 1393 310 1449 Jccsp„
346 1393 512 1436 Schott.
542 1393 628 1436 aL:
658 1398 702 1435 et
733 1394 809 1449 qui
828 1393 994 1447 omnia,
1022 1409 1129 1451 quac
1149 1396 1337 1439 noudum
1363 1404 1483 1451 sunt,

11 1450 183 1507 pariter
213 1464 342 1506 quam
374 1465 425 1492 ea
450 1464 558 1506 quae
585 1449 747 1492 adsunt
773 1451 883 1493 oriri
904 1447 1047 1506 jubet.
1108 1451 1223 1494 Saue
1251 1453 1378 1496 Deus
1408 1471 1482 1498 res

12 1505 202 1549 nondum
221 1510 479 1563 procreatas
507 1512 632 1547 vocat
655 1506 822 1560 (καλεῖ,
853 1517 937 1566 ἃζιξ
968 1507 1061 1552 JeS.
1081 1507 1160 1562 41,
1180 1510 1223 1553 4.
1284 1510 1390 1569 Sap.
1413 1515 1483 1565 ll,

11 1562 106 1617 25.)
131 1561 162 1606 i.
184 1577 224 1605 e.
254 1562 434 1605 arcessit
462 1560 543 1602 hoc
571 1561 753 1614 effectu,
782 1567 832 1603 ut
857 1578 902 1626 se
929 1565 1089 1605 sistunt
1119 1565 1162 1608 h.
1184 1581 1221 1608 e.
1251 1582 1350 1610 esse
1370 1570 1480 1611 iuci-

11 1619 167 1679 piant.-
209 1617 300 1661 Sed
318 1616 535 1676 quaejam
557 1617 719 1659 adsunt
738 1632 788 1659 ea
806 1618 931 1661 Deus
955 1635 1038 1660 uon
1065 1623 1276 1676 arcessit,
1311 1624 1389 1667 sed
1406 1641 1479 1669 m·-

12 1676 180 1720 cessavit
205 1675 238 1718 i.
259 1689 299 1719 e.
330 1674 440 1716 oriri
457 1673 614 1733 jussit.
673 1673 825 1731 Quare
852 1675 923 1718 his
945 1690 984 1719 v.
1009 1691 1118 1733 opus
1136 1684 1258 1722 erat:
1295 1682 1369 1723 καὶ
1397 1698 1481 1723 κα-

6 1728 192 1782 λοῦντος
209 1730 264 1773 τὰ
284 1729 346 1787 μὴ
365 1726 492 1780 ὄντα,
523 1731 712 1781 καθὼς
741 1730 974 1774 ἐκάλεσε
1003 1735 1058 1775 τὰ
1078 1729 1194 1777 mm.
1256 1735 1370 1779 Item
1392 1739 1479 1782 Be-

7 1788 145 1832 necle&
161 1787 489 1830 enarrationem
515 1787 737 1845 improbo,
768 1789 843 1844 qui
871 1790 927 1833 cl.
949 1788 1026 1834 Ps.
1059 1791 1164 1845 139,
1185 1793 1254 1837 16.
1314 1794 1407 1839 Jer.
1437 1799 1478 1850 l,

13 1844 52 1889 5.
73 1845 290 1903 explicat:
328 1844 406 1902 qui
435 1844 635 1887 homines
665 1844 856 1888 nondum
885 1851 1014 1889 natos
1042 1852 1090 1889 ut
1117 1853 1245 1890 natos
1271 1855 1480 1907 tanquam

13 1898 99 1944 §tiis
115 1901 355 1944 nominibus
377 1906 499 1944 vocat
523 1902 576 1958 (i.
594 1916 633 1945 e.
663 1903 987 1945 accuratissime
1007 1905 1143 1960 novit)
1168 1906 1199 1948 i.
1222 1921 1265 1962 q.
1294 1910 1370 1964 qui
1399 1923 1479 1951 na·-

13 1962 234 2011 turarum,
273 1957 533 2015 priusquam
561 1958 734 1999 ratione
761 1958 991 2015 praeditae
1015 1960 1479 2019 vivant,-p0teutissi-

13 2029 104 2056 mus
130 2012 331 2056 dominus
361 2018 446 2058 est.
501 2012 659 2070 Neque
688 2015 803 2056 enim
832 2016 1022 2074 simplex
1055 2017 1294 2069 καλοῦντος
1321 2022 1409 2063 uisi
1435 2037 1478 2068 v.

14 2072 104 2120 τοῖς
133 2066 345 2122 ὀνόμασιν
369 2067 512 2111 αὐτῶν
541 2070 698 2124 (LXX
717 2070 811 2115 JeS.
832 2072 916 2126 45,
942 2073 1009 2126 4.)
1037 2072 1222 2131 adjectis
1247 2076 1370 2119 illam
1391 2079 1479 2122 vim

14 2126 167 2178 habet,
198 2129 243 2168 et
270 2125 311 2168 si
335 2125 520 2168 haberet
548 2126 658 2169 hanc
688 2132 950 2185 potestatem
981 2123 1211 2187 amplexus
1247 2135 1478 2190 pulchram

10 2181 334 2240 oppositionem
361 2187 607 2237 everteres,
649 2199 777 2241 quam
806 2184 860 2230 P.
887 2186 1005 2229 iuter
1038 2187 1338 2238 ζωοποιεῖν
1374 2193 1480 2243 τοὺς

15 2235 191 2297 νεκρούς
220 2244 264 2281 et
293 2239 482 2282 καλεῖν
508 2237 564 2282 τὰ
591 2239 653 2297 μὴ
687 2240 792 2283 ὄντα
819 2240 866 2284 ὡ.
895 2237 932 2285 ὅ.
964 2244 1235 2287 intercedere
1264 2248 1481 2292 voluisset

16 2297 72 2351 [v.
102 2297 274 2352 supra).
337 2295 456 2338 Hinc
484 2311 536 2339 ea
563 2311 737 2354 quoque
766 2299 872 2342 mihi
898 2314 1012 2342 nunc
1030 2301 1237 2358 displicet
1261 2318 1372 2360 quae
1391 2307 1478 2348 ali-

16 2350 184 2409 quando
212 2351 324 2394 satis
348 2353 516 2410 placuit
541 2353 875 2412 interpretatio:
912 2362 956 2399 et
981 2358 1054 2414 qni
1082 2364 1151 2412 (ut
1172 2359 1304 2401 herus
1326 2376 1478 2406 servos

17 2423 50 2453 s.
76 2409 318 2466 imperator
341 2410 506 2453 milites
537 2411 593 2454 cf.
622 2411 716 2456 JeS.
741 2412 822 2466 40,
841 2414 936 2469 26.)
969 2420 1088 2457 vocat
1116 2416 1168 2470 (i.
1199 2431 1239 2459 e.
1271 2419 1477 2476 arcessit)

11 2478 145 2523 qnae
176 2479 260 2508 non
283 2465 372 2508 sint
397 2468 508 2510 sicut
531 2482 601 2510 res
625 2483 732 2526 quae
760 2470 849 2512 sint
879 2470 922 2514 h.
957 2486 995 2514 e.
1025 2472 1100 2527 qui
1126 2471 1260 2514 rebus
1286 2475 1475 2520 noudum

18 2522 256 2578 procreatis
304 2526 507 2580 potenter
552 2523 766 2581 imperat,
821 2527 937 2569 sicut
983 2528 1172 2584 imperat
1216 2534 1478 2586 procreatis.

18 2579 288 2635 Sententiam
335 2593 446 2635 quae
490 2582 738 2636 requiritur
789 2583 886 2628 Gler.
926 2584 1000 2628 Fr.
1037 2584 1267 2641 Schmidii,
1316 2588 1478 2645 Cram„

18 2636 180 2691 Kopp„
206 2636 366 2678 Nuebiet
381 2637 440 2681 al.
464 2638 718 2693 explanatio
744 2643 969 2696 praestat,
998 2642 1074 2696 qui
1103 2655 1143 2685 v.
1164 2643 1310 2686 καλεῖν
1335 2646 1476 2702 signi-

19 2693 184 2734 ficatum
207 2693 492 2747 doymaticum
521 2697 568 2737 in
588 2694 649 2738 N.
671 2694 729 2739 T.
752 2710 883 2753 saepe
903 2696 1074 2738 obvium
1094 2698 1316 2756 tribuunt,
1345 2709 1396 2745 ut
1415 2705 1477 2746 sit

19 2749 66 2791 'cd
89 2749 209 2804 requi
234 2749 318 2793 div.
349 2748 607 2805 felicitatem
643 2751 823 2794 Jnvitare
860 2753 907 2807 (1
940 2752 1103 2798 Thess.
1133 2756 1184 2810 2,
1212 2755 1281 2802 12.
1340 2759 1472 2805 Rom,

20 2804 59 2857 3,
79 2805 150 2848 30.
179 2805 278 2860 aL).
338 2804 462 2860 Quae
493 2807 663 2849 vocatio
693 2822 826 2864 quum
858 2809 991 2851 simul
1017 2810 1076 2852 sit
1102 2813 1159 2854 ad
1179 2814 1312 2857 vitam
1331 2822 1473 2860 aeter-

15 2873 107 2904 ·mm
133 2861 336 2906 invitatio
356 2864 405 2920 (1
426 2862 545 2911 Tim.
565 2864 617 2919 6,
639 2864 755 2920 12.),
783 2864 900 2909 bella
921 2880 1025 2910 sane
1045 2868 1140 2911 exit
1158 2872 1401 2916 sententia:
1418 2898 1474 2907 -
