1752 3347
498 147 589 193 CA
603 146 655 193 P.
691 149 746 193 V.
796 149 831 191 V
851 163 889 192 s.
917 150 960 194 7.
982 149 1043 194 8..
1413 147 1501 190 269

41 252 137 307 iam
165 255 372 310 optimam
399 255 661 299 sententiam
695 255 853 298 ass'crrc
877 269 973 299 cum
1002 255 1152 307 110κὰ,
1181 255 1327 307 Grot„
1356 253 1502 297 Limb.

43 311 104 353 al.
124 311 415 355 confitendum
435 317 528 356 est:
550 337 600 344 —
622 313 825 356 Christus
839 327 917 368 pro
935 313 1077 367 ‘impiis
1098 315 1278 353 mortem
1300 310 1504 352 occubuit

42 367 106 422 (v.
124 368 206 423 6.).
274 369 444 426 Nempe
472 371 548 411 υἱώ
565 370 787 426 quisquam
814 384 911 424 pro
941 368 1180 423 improbo
1211 372 1395 410 mortem
1423 382 1503 424 op-

41 427 187 480 petet:
232 439 330 467 nain
367 439 461 480 pro
494 426 664 479 probo
703 426 868 482 aliquis
902 427 1092 468 fortasse
1132 425 1243 466 mori
1285 425 1509 466 sustineat.

41 482 106 535 (v.
127 481 208 535 7.).
274 480 442 523 Probat
481 485 625 521 autem
651 481 778 522 Deus
804 497 928 524 suum
959 497 1063 535 erga
1092 496 1171 524 nos
1201 495 1391 523 amorem
1432 495 1502 534 eo,

42 535 161 592 quod
182 537 388 579 Christus
406 549 486 592 pro
506 535 634 576 nobis
652 537 791 578 adhuc
812 539 1014 590 improbis
1034 543 1231 579 mortuns
1253 542 1322 579 est
1343 540 1403 592 (v.
1417 537 1503 592 8.).

40 592 243 635 Monstra
270 593 313 634 10
349 592 444 632 uuti
468 595 573 632 sunt
589 591 814 635 Schleusn.
832 592 944 636 Lex,
964 592 1013 646 I,
1035 594 1136 636 641.
1167 599 1210 636 et
1228 593 1503 635 Focaleisenus

40 648 282 694 Comment.
306 654 325 690 t
358 647 444 689 eol.
471 645 541 689 ed.
570 661 595 688 a
626 646 814 691 Velinus.
846 648 903 691 T.
925 649 1010 701 lV,
1039 649 1224 706 p.356.‚
1261 663 1393 706 quum
1427 649 1503 690 δι-

40 704 170 748 έιαίου
187 705 219 748 i.
241 718 284 774 q:
308 701 464 760 ἀδίκου
485 703 528 745 11.
546 703 579 746 l.
599 703 744 745 valere
764 705 1090 749 contenderent.
1148 706 1370 749 Nimirum
1397 705 1504 762 quia

39 757 213 812 δίκαιός
243 776 335 815 ειμι
363 774 431 816 sq.
450 758 677 802 Infinitivo
707 759 905 803 declarat
931 763 1083 817 diynus
1109 778 1225 815 seem,
1260 763 1333 820 qni
1357 787 1415 794 -—
1434 764 1503 861 Rv-

36 817 148 862 Eur.
168 817 269 863 Jon.
290 831 331 860 v.
351 818 481 860 1594.
497 815 578 866 ed.
604 817 757 860 Herm.
786 822 832 860 et
856 818 1079 861 Matthiae
1103 822 1210 868 aust.
1239 832 1298 873 gr.
1331 819 1406 864 Εῇτ.
1460 816 1503 872 I,

35 873 185 931 594.)‚
214 874 376 916 idcirco
402 872 515 915 nude
541 875 730 931 positum
754 888 795 917 v.
822 872 996 917 δικαίου
1024 888 1105 932 per
1136 875 1313 932 ellipsin
1337 876 1503 918 omisso

34 929 126 975 Inf.
146 929 391 974 ἀποθανεῖν
418 934 583 973 sontem
612 930 862 985 significare
895 946 1026 988 posse
1055 931 1141 973 sibi
1168 937 1505 989 persuaserunt.

38 988 182 1045 Quasi
200 1002 304 1031 vcro
324 987 386 1029 ita
405 1001 490 1028 non
511 983 641 1040 μόλις
660 986 740 1044 γὰρ
759 985 806 1029 εἴ
820 1003 888 1037 τις
907 983 1163 1030 ἀπολέσθαι
1183 985 1355 1039 δίκαιός
1383 987 1504 1031 ἐστιν

36 1041 153 1102 ὕπὲρ
171 1042 332 1087 τούτου
347 1058 415 1094 τις
435 1040 731 1085 ἀποθανεῖται
760 1050 836 1087 aut
863 1044 1001 1086 simili
1029 1044 1154 1087 modo
1184 1043 1325 1087 Paulo
1355 1045 1505 1087 dicen-

37 1101 140 1144 dum
178 1101 356 1144 fuisset.
432 1099 684 1143 Verissime
721 1100 865 1154 Chrys.
880 1135 891 1153 ‚
935 1101 978 1142 Τ
971 1101 1208 1154 Ιιεοιίονοΐ.,
1259 1101 1504 1158 Tleeopleyl„

42 1159 239 1211 Oecum„
271 1158 411 1210 Calin,
443 1157 590 1208 Rem,
615 1156 823 1211 castalio,
852 1158 1100 1201 Limbovrch.
1123 1159 1183 1202 al.
1202 1172 1295 1201 voc.
1325 1155 1504 1208 δικαίου

36 1230 64 1258 a
88 1230 193 1259 voce
222 1215 301 1256 τοῦ
330 1210 504 1269 ἀγαθοῦ
537 1213 786 1268 significatu
812 1215 856 1257 11.
883 1216 917 1258 1.
946 1229 1031 1256 11011
1062 1215 1338 1272 discrepare,
1371 1228 1506 1271 quum

36 1277 184 1316 utrum
221 1286 272 1313 ue
298 1272 435 1314 virum
461 1270 685 1312 honestum
713 1269 916 1324 denotet,
956 1272 1232 1313 affirmarunt
1258 1274 1318 1326 (v.
1341 1271 1506 1315 Matth.

35 1330 80 1381 5,
100 1328 173 1371 45.
237 1342 305 1371 uc.
329 1327 398 1380 23,
417 1326 495 1369 50.
510 1326 604 1370 Jac.
622 1327 663 1377 5,
681 1329 723 1370 6.
746 1329 768 1368 l
782 1327 904 1370 Petr.
917 1327 1038 1379 3,18.
1062 1328 1202 1371 Sirac.
1218 1329 1285 1380 12,
1296 1329 1378 1382 7.).
1429 1327 1504 1370 De

36 1385 227 1440 singulis
247 1400 288 1427 v.
306 1384 410 1426 haec
432 1381 594 1440 accipe.
635 1381 769 1425 Prius
787 1380 869 1439 γάρ
889 1385 1006 1426 valet
1022 1399 1171 1439 nempe
1191 1388 1251 1439 (v.
1263 1385 1431 1426 Jacobs.
1447 1382 1506 1426 ad

33 1443 209 1487 Achill.
223 1441 327 1483 Tar.
347 1440 537 1497 p.979.).
568 1440 772 1495 Explicat
787 1441 902 1483 enim
916 1439 968 1483 P.
982 1441 1245 1483 sententiam
1269 1454 1310 1482 v,
1330 1443 1373 1482 6.
1385 1442 1504 1497 Χρι-

36 1497 141 1548 στὸς
158 1523 211 1529 -
229 1495 343 1551 ὑπὲρ
361 1492 530 1548 ἀσεβῶν
545 1491 760 1549 ἀπέθανε,
783 1497 854 1537 vix
873 1511 1133 1552 quemquam
1154 1497 1402 1539 mortalium
1422 1510 1506 1553 pro

34 1556 131 1600 viro
161 1553 300 1613 probo
320 1556 502 1593 mortem
521 1550 742 1592 aditurum
762 1552 1033 1612 observando
1054 1567 1095 1595 v.
1109 1555 1176 1605 7.,
1202 1553 1313 1595 utin
1336 1553 1508 1596 Christi

35 1615 176 1655 morte
186 1625 266 1669 pro
279 1608 527 1652 hominibus
541 1607 755 1665 improbis
774 1609 977 1667 suscepta
994 1608 1081 1651 div.
1095 1609 1258 1651 amoris
1274 1624 1508 1664 argumen-

36 1673 130 1711 tum
149 1680 436 1723 agnoscamus
453 1668 514 1721 (v.
529 1665 611 1720 8.).
647 1663 880 1707 Posterius
900 1662 982 1722 γάρ
999 1669 1068 1707 est
1085 1666 1212 1719 enim,
1241 1665 1509 1725 praeceden-

35 1731 125 1768 tem
157 1723 416 1767 sententiam
443 1718 575 1775 μόλις
599 1745 656 1752 -——-
686 1718 985 1764 ἀποθανεῖται
1015 1723 1304 1774 confirmans3
1341 1722 1387 1764 in
1418 1723 1507 1779 quii

35 1796 124 1825 non
141 1794 182 1824 v.
193 1780 323 1834 μόλις
339 1778 619 1836 praecipuam
639 1778 725 1820 vim
745 1772 898 1832 habet,
927 1783 978 1821 ut
996 1779 1185 1821 Castalio
1204 1779 1375 1836 putavit
1393 1780 1506 1835 (viae,

33 1839 240 1895 inquam3
266 1851 364 1879 nam
391 1836 579 1893 fortasse
600 1835 765 1891 aliquis
795 1836 875 1877 hoc
899 1835 1045 1877 facere
1065 1836 1280 1879 sustinet:
1307 1836 1373 1877 sic
1389 1837 1508 1879 enim

36 1896 118 1938 1100
138 1908 249 1951 opus
269 1898 366 1935 erat
381 1907 422 1935 v.
445 1891 622 1934 ordine:
650 1907 675 1931 τ
688 1888 787 1942 άχα
814 1888 896 1946 γάρ
914 1906 983 1940 τις
1001 1892 1074 1933 καὶ
1094 1892 1238 1947 τολμᾷ
1259 1889 1508 1939 ἀποθανεῖν

37 1947 153 2006 ὑπὲρ
173 1949 254 1990 τοῦ
273 1947 484 2004 ἀγαθοῦ),
513 1945 592 1988 sed
611 1961 728 1989 voce.
748 1941 862 2001 ὑπὲρ
882 1945 1073 1999 δικαίου,
1092 1947 1205 1989 unde
1220 1947 1273 1990 P.
1289 1948 1509 2004 posterio-

37 2021 131 2049 rem
152 2004 412 2047 sententiam
430 2017 455 2045 a
475 2017 516 2045 v.
540 2000 652 2060 ὑπὲρ
670 2002 752 2058 γὰρ
773 2004 852 2043 τοῦ
875 1999 1051 2058 ἀγαθοῦ
1075 2010 1192 2045 recte
1213 2019 1399 2046 exorsus
1420 2009 1506 2050 est.

37 2063 276 2107 Articulus
304 2060 400 2103 voci
430 2055 604 2115 ἀγαθοῦ
632 2059 909 2116 praepositus
938 2060 1154 2102 neminem
1167 2060 1270 2120 jure
1296 2060 1507 2105 offendat.

37 2120 123 2163 Est
139 2119 253 2161 enim
274 2113 387 2172 ὑπὲρ
409 2114 605 2168 δικαίου,
632 2115 698 2170 fin·
728 2119 870 2161 einen
890 2119 1234 2172 &ecbtfcboffenen'
1263 2115 1377 2173 ὑπὲρ
1406 2119 1506 2161 τοῦ

37 2174 214 2232 ἀγαθοῦ
237 2173 301 2228 fist
330 2177 352 2219 b
368 2188 421 2218 en
449 2174 779 2230 {Rechtsdmffenen
803 2186 883 2229 pro
901 2173 997 2216 viro
1021 2174 1229 2228 honesto,
1261 2189 1388 2230 quem
1413 2172 1507 2217 dixi

39 2237 104 2289 (v.
122 2231 259 2284 3,30.
289 2230 338 2283 5,
355 2231 439 2285 4.).
501 2228 562 2271 Ut
589 2231 671 2272 τοῦ
701 2228 876 2272 δικαίου
903 2244 983 2287 pro
1010 2231 1090 2272 τοῦ
1120 2228 1295 2286 ἀγαθοῦ
1321 2230 1375 2273 Ρ.
1395 2231 1508 2273 scri-

38 2289 167 2332 beret
182 2287 294 2330 nihil
311 2293 406 2329 erat
425 2288 619 2329 necesse.
677 2285 799 2327 Haec
831 2286 944 2328 enim
972 2287 1111 2335 cuivis
1141 2287 1351 2344 scriptori
1377 2287 1506 2330 venia

40 2346 196 2398 datur,
236 2348 285 2386 ut
312 2343 389 2386 ubi
416 2341 596 2384 eandem
627 2343 847 2385 notionem
878 2343 1020 2385 denuo
1047 2344 1245 2386 enuntiet
1276 2347 1353 2385 aut
1387 2342 1503 2386 idem

40 2417 136 2448 voc.
155 2405 327 2458 repetat
351 2404 426 2442 aut
447 2398 641 2459 ejusdem
661 2398 897 2457 potestatis
919 2398 1041 2441 aliud
1059 2406 1197 2457 ponat
1210 2433 1222 2454 ‚
1252 2404 1301 2442 ut
1321 2398 1505 2444 libuerit

37 2462 104 2532 (ἐν.
122 2458 321 2501 Dissert.
353 2471 409 2499 m.
438 2456 484 2497 in
512 2457 555 2499 2.
583 2470 653 2514 ep.
683 2456 740 2498 ad
767 2455 868 2500 Cor.
887 2455 963 2510 II,
992 2472 1037 2514 p.
1069 2456 1113 2499 5.
1142 2461 1185 2498 ct
1216 2456 1317 2500 Joh.
1338 2458 1407 2510 16,
1427 2458 1503 2503 21.

38 2534 67 2573 η
89 2513 192 2572 γυνὴ
213 2512 317 2555 ὅταν
335 2511 460 2570 τίκτῃ
487 2510 545 2554 λύ
559 2527 629 2568 πη
643 2529 665 2553 ν
695 2510 785 2565 ἔχει
803 2527 879 2545 ·—-·
911 2510 1016 2555 ὅταν
1036 2512 1085 2555 δὲ
1102 2510 1284 2570 γεννήσῃ
1310 2513 1360 2556 τὸ
1387 2528 1504 2557 παι-

40 2572 139 2616 δίον
156 2568 303 2613 οὐκέτι
319 2566 581 2624 μνημονεύει
609 2570 696 2625 τῆς
721 2566 984 2624 θλίψεως
1009 2584 1089 2620 -;
1118 2570 1192 2611 ubi
1212 2570 1272 2612 D.
1290 2570 1402 2612 male
1423 2573 1503 2627 τῆς

39 2626 222 2683 λύπης
251 2625 488 2684 praebet.).
559 2623 651 2665 Καί
683 2625 810 2666 multi
856 2627 926 2679 (ut
950 2625 1077 2668 Beza
1106 2632 1150 2668 et
1179 2626 1315 2669 an.
1343 2642 1388 2684 p.
1408 2629 1503 2683 13.)

37 2701 136 2730 cum
156 2682 401 2727 ἀποθανεῖν
422 2681 534 2722 male
555 2681 830 2733 consociant,
860 2695 993 2736 quum
1013 2687 1214 2727 vertunt:
1241 2684 1375 2726 etiam
1394 2685 1504 2740 (vel)

40 2743 172 2795 mori,
204 2737 319 2796 quod
342 2752 495 2792 graece
519 2736 748 2779 dicendum
776 2738 941 2780 fuerat:
970 2763 1023 2769 -—
1052 2739 1198 2797 τολμᾷ
1228 2741 1323 2781 καὶ
1352 2737 1503 2781 ἀπο-

41 2800 245 2842 θανεῖν.
306 2793 424 2850 Quin
445 2791 519 2836 καί
544 2808 637 2836 cum
670 2793 814 2852 τολμᾷ
841 2794 1095 2848 cohaerere,
1124 2811 1192 2843 vv.
1221 2795 1328 2840 ordo
1357 2796 1501 2842 docet.
