1752 3347
518 178 675 225 CAP.
709 179 747 222 l.
792 178 882 221 Vs.
913 178 955 221 5.
986 181 1041 219 et
1067 178 1113 219 6.
1503 170 1559 214 15

84 295 270 335 ornatus
289 296 425 343 esset,
450 304 695 347 coum-nam,
716 287 873 340 libere,
894 289 943 328 ut
966 284 1152 337 solebat,
1169 282 1284 324 hunc
1306 281 1339 324 l.
1361 282 1560 321 transtu-

86 351 153 395 lit.
190 371 191 374 ¹
218 346 360 405 Ἰησοῦ
388 348 613 404 Χριστοῦ,
656 347 734 388 τοῦ
760 343 916 402 κυρίου
946 341 1085 400 ἡμῶν]
1125 340 1248 383 Haec
1277 353 1318 381 v.
1353 336 1410 378 ad
1438 351 1560 381 voce.

82 407 190 463 περὶ
207 407 286 448 τοῦ
306 402 406 447 υἱοῦ
423 399 561 447 αὑτοῦ
580 419 645 447 νς.
666 404 708 447 3.
731 399 962 444 referenda
984 405 1088 443 sunt
1106 398 1360 452 habentque
1380 393 1561 452 apposi-

83 463 218 506 tionis
238 462 517 518 dignitatem.
576 460 794 503 Perverse
820 458 936 501 ltala
959 462 1003 500 et
1023 457 1162 512 Vulg.
1181 454 1328 498 verbis
1344 451 1562 510 proximis

86 520 135 571 ἐξ
159 518 223 563 ἀν.
250 520 416 574 νεκρῶν
440 519 518 560 illa
550 521 810 560 annectunt:
847 530 943 570 „ex
966 513 1276 558 resurrectione
1300 513 1562 552 mortuorum

85 576 386 628 Jeswcleristi,
415 575 575 617 domini.
591 574 771 616 nostri..”
1206 570 1209 575 '

94 654 97 655 ⁷
149 672 151 676 .
175 633 258 677 ‘Vs
287 632 330 675 5.
357 636 402 674 et
426 633 486 675 6..
554 630 664 674 Jesu
694 629 876 673 Christo
905 643 971 672 vs,
1000 628 1046 671 4.
1077 627 1440 675 commemorato,
1475 635 1564 663 non

85 686 352 748 pote‘s't'sibi
386 687 437 731 P.
465 692 743 744 temperare,
785 687 893 743 quin
923 700 1002 742 per
1030 699 1129 726 eum
1160 680 1376 741 Apostoli
1406 693 1565 721 munus

83 743 499 788 si·bi¹demandat11m
517 759 617 786 esse
638 748 765 799 grato
787 743 933 784 animo
956 742 1243 799 profiteatur,
1283 736 1402 796 quod
1432 750 1565 792 quum

82 805 163 846 lon
179 805 299 855 'eet‘
313 802 412 844 ‘late
448 806 601 859 pateat
637 802 774 860 ipsos-²
800 799 932 842 etiam
970 798 1198 840 Romanos
1235 795 1568 853 complectatur.

85 859 164 904 Un‘
195 859 286 903 ehi
315 872 490 916 quoque
518 873 586 903 vs,
616 863 840 912 temere-a
867 856 1021 898 multis
1047 853 1328 912 parenthesis
1355 850 1570 893 cancellis

85 916 413 978 circumscripti
434 920 552 959 sunt.
613 913 673 957 δι’
697 913 768 970 01‘1]
801 928 914 970 „per
933 926 1070 970 quem,
1101 912 1131 955 i.
1153 926 1191 954 e.
1210 924 1237 951 a
1254 909 1375 966 quo.”
1426 907 1569 951 Beza.

86 975 287 1018 Aevsane
310 974 400 1016 διά
416 987 536 1022 τινος
552 973 616 1014 ita
636 972 804 1031 passim
821 970 1028 1029 ponitur,
1058 972 1108 1011 ut
1136 967 1191 1009 ab
1221 961 1325 1008 ὑπό
1354 980 1473 1015 τινος
1502 963 1570 1005 ni-

87 1031 152 1074 hil
173 1030 366 1075 differat.
428 1028 558 1072 Plato
579 1030 733 1088 Symp.
757 1029 853 1073 186.
875 1027 928 1071 E'.
958 1024 1051 1084 ἥτε
1084 1020 1159 1068 οὗν
1186 1020 1385 1077 ἰατρικὴ,
1422 1019 1570 1077 ὥςπερ

89 1087 202 1144 λέγω
213 1121 228 1142 ‚
260 1088 386 1140 πᾶσα
407 1087 433 1128 ὃ
443 1103 458 1128 ι
472 1084 500 1128 ἀ
520 1088 601 1130 τοῦ
618 1088 733 1129 θεοῦ
747 1083 908 1128 τούτου
936 1084 1012 1141 (ab
1032 1080 1333 1138 Aesculapio)
1360 1078 1571 1135 κυβερνᾶ-

89 1150 167 1187 ται1
194 1167 264 1187 —-.
324 1147 349 1186 1
368 1143 471 1188 Cor.
493 1144 587 1197 1‚9.
607 1142 769 1194 πιστὸς
789 1139 812 1184 ὃ
831 1140 962 1191 θεὸς,
988 1137 1049 1183 δι’
1071 1155 1094 1182 ο
1108 1138 1134 1182 ὕ
1153 1141 1201 1195 (a
1220 1151 1323 1195 quo:
1354 1134 1482 1176 Deus
1504 1138 1574 1176 est

91 1201 209 1244 enim
231 1198 254 1244 ὁ
272 1202 417 1243 καλῶν
434 1200 564 1244 Rom.
586 1202 710 1254 9‚11.
731 1204 775 1242 et
806 1195 829 1241 ὁ
859 1196 1048 1246 καλέσας
1074 1199 1100 1239 1
1122 1195 1245 1239 Petr.
1267 1196 1307 1248 l,
1323 1192 1414 1247 15.)
1441 1188 1574 1248 ἐκλή-

91 1261 207 1315 θητε
226 1284 296 1301 -.
310 1291 322 1311 ,
348 1257 426 1300 uhi
444 1257 490 1300 D
505 1258 530 1284 ᾖ
549 1253 575 1299 ὖ
589 1255 639 1314 φ’
664 1250 715 1299 οὗ
733 1256 918 1314 praebet
945 1270 968 1297 e
995 1256 1291 1310 glossemate„
1342 1252 1367 1292 1
1389 1249 1512 1292 Petr.
1532 1248 1577 1302 2,

95 1315 165 1359 13.
179 1316 250 1370 14.
270 1309 522 1371 ἷνποτάγητε
542 1309 616 1356 οὖν
635 1313 759 1371 πάσιη
777 1311 1041 1369 ἀνθρωπίνῃ
1059 1310 1201 1353 κτίσει
1219 1307 1295 1350 διὰ
1313 1305 1390 1348 τὸν
1410 1302 1577 1360 κύριον,

94 1369 183 1414 εἴτε
200 1371 401 1426 βασιλεῖ,
432 1369 490 1421 ὡς
507 1369 789 1426 ὑπερέχοντι,
828 1367 917 1413 εἴτε
945 1365 1176 1424 ἡγεμόσιν,
1216 1361 1275 1415 ὡς
1304 1360 1374 1406 δι’
1407 1359 1577 1403 αὐτοῦ

93 1433 139 1482 (a
170 1428 390 1486 principe)
416 1427 723 1482 πεμπομένοις
750 1453 818 1470 —-.
883 1425 1025 1469 Hehr.
1053 1425 1149 1478 2‚3.
1191 1422 1284 1466 Cic.
1314 1419 1371 1462 ad
1396 1418 1504 1462 Div.
1535 1418 1578 1472 5,

95 1487 137 1529 1.
161 1487 210 1536 1.ν
235 1485 552 1527 Existimaram
574 1509 625 1515 —-
646 1497 725 1525 nec
744 1497 813 1525 me
841 1483 1069 1524 absentem
1097 1479 1296 1523 ludibrio
1321 1478 1492 1519 laesum
1519 1476 1581 1517 iri

94 1546 173 1584 nec
189 1541 422 1584 Metellum
440 1541 625 1582 fratrem
645 1539 702 1582 ob
719 1538 883 1582 dictum
902 1539 1046 1596 capite
1066 1553 1115 1580 ac
1133 1534 1327 1580 fortunis
1344 1549 1424 1591 per
1440 1539 1484 1576 te
1500 1548 1579 1590 op-

92 1603 338 1659 pugnatum
357 1598 430 1642 iri.
460 1596 569 1642 ibid.
587 1596 680 1650 5‚2.
700 1598 761 1641 6..
816 1583 949 1652 Quod
980 1595 1163 1638 scribis:
1205 1607 1293 1636 non
1325 1590 1582 1648 oportuisse

93 1656 325 1699 Metellum
345 1656 531 1697 fratrem
548 1660 672 1696 tuum
693 1653 748 1696 ob
768 1651 933 1696 dictum
955 1668 983 1696 α
1001 1667 1069 1695 me
1089 1648 1340 1709 oppugnari
1367 1673 1439 1693 -.
1492 1647 1581 1690 Cu-

88 1712 167 1775 jus
185 1728 295 1757 usus
314 1712 531 1768 originem
551 1710 655 1753 inde
672 1715 870 1769 repetam
884 1743 896 1764 ‚
934 1708 1052 1767 quod
1070 1724 1148 1765 per
1164 1722 1288 1765 quem
1315 1702 1490 1762 aliquid
1513 1705 1581 1746 fa-

95 1776 214 1814 ctum
234 1770 295 1813 sit
313 1770 353 1812 is
372 1771 470 1828 ipse
487 1768 648 1811 fecisse
670 1773 854 1811 eatenus
873 1768 1019 1809 animo
1039 1765 1271 1808 informari
1290 1763 1451 1821 potuit,
1472 1776 1583 1819 qua-

94 1833 228 1870 tenus
258 1827 375 1870 alius
403 1825 656 1868 mandatum
685 1825 886 1882 alioquin
910 1824 1033 1866 iners
1059 1823 1260 1866 futurum
1288 1821 1368 1862 ille
1394 1818 1452 1861 ad
1477 1818 1584 1861 effe-

97 1890 215 1927 ctum
244 1883 446 1928 adduxit.
521 1883 606 1925 Est
640 1887 788 1924 autem
818 1882 889 1923 hic
915 1897 1025 1924 usus
1052 1880 1117 1922 ibi
1141 1885 1314 1922 tantum
1345 1876 1584 1928 admissus,

97 1941 176 1984 uhi
202 1942 371 1984 nullam
399 1940 646 1983 sententiae
673 1939 1009 1995 ambiguitatem
1040 1944 1230 1981 crearet.
1304 1935 1583 1978 Documento

99 2003 203 2052 est3³
225 1998 345 2059 quod
365 2008 490 2040 nemo
511 2012 668 2053 graece
690 1996 806 2039 dixit
826 1995 999 2054 ε’ριῦμαι
1020 1992 1114 2037 διά
1133 2009 1254 2044 τινος
1273 2007 1355 2051 pro
1385 1990 1446 2047 ἐρ.
1474 1985 1584 2032 ὑπό

99 2069 242 2106 τινος,
285 2061 371 2098 aut
409 2056 550 2109 latine
579 2069 703 2096 amor
731 2069 809 2110 per
833 2053 1027 2110 aliquem
1059 2067 1141 2110 pro
1172 2064 1298 2093 amor
1327 2048 1382 2092 ab
1413 2047 1584 2104 aliquo.

102 2110 258 2157 Sedfh.
277 2113 311 2156 12
333 2110 404 2154 δι’
428 2110 488 2154 οὗ
507 2113 626 2155 valet
640 2125 736 2167 per
753 2125 891 2168 quem.
949 2109 1034 2152 Est
1052 2110 1168 2151 enim
1187 2105 1405 2166 Apostoli
1424 2118 1584 2146 munus

100 2168 151 2210 in¹
165 2167 220 2213 P.·
238 2170 450 2212 ‘collatum
474 2185 501 2211 a
514 2170 606 2212 Deo
626 2167 772 2223 [Rom.
794 2167 863 2221 15,
878 2166 947 2210 15.
965 2167 1131 2224 EpheS.
1149 2166 1192 2219 3,
1205 2166 1303 2209 2.⁷.
1327 2163 1429 2206 Gal.
1442 2164 1482 2215 1,
1495 2161 1586 2216 15.]

104 2224 531 2281 arisae-interprete
562 2225 689 2282 [Act.
714 2224 844 2279 9‚5.].
903 2224 1091 2267 Frustra
1124 2224 1225 2268 Gal.
1249 2223 1290 2275 1,
1303 2222 1344 2264 l.
1384 2219 1584 2269 Παῦλος,

105 2278 358 2333 ἀπόστολος
377 2280 454 2325 οὐκ
472 2279 561 2324 ἀπ’
582 2278 836 2338 ἀνθρώπων
855 2277 959 2325 οὐδὲ
979 2279 1050 2323 δι’
1070 2277 1332 2332 ἀνθρώπου,
1358 2272 1472 2318 ἀλλὰ
1491 2276 1542 2317 δι
1557 2273 1587 2316 ἃ

99 2333 245 2394 Ἰησοῦ
264 2340 577 2394 Χριστοῦκαί
597 2338 711 2381 θεοῦ
731 2335 904 2394 πατρός
924 2364 993 2383 -.
1024 2336 1256 2380 obtendas,
1313 2332 1431 2376 Nam
1460 2337 1510 2375 ut
1528 2330 1588 2377 P.

103 2393 148 2437 h.
168 2395 201 2437 l.
222 2391 297 2436 διά
320 2394 374 2437 de
395 2395 577 2439 Christo
607 2399 652 2438 et
669 2395 769 2438 Deo
796 2396 967 2453 pariter
993 2395 1232 2437 collocaret
1258 2391 1364 2433 fecit
1391 2390 1591 2433 brevita-

105 2450 166 2492 tis
188 2450 336 2493 studio
355 2451 512 2495 duetus
532 2453 828 2508 [ef.Grotins].
874 2451 1020 2509 Quum
1042 2452 1157 2494 enim
1180 2464 1276 2492 eum
1294 2452 1372 2491 aut
1389 2447 1454 2490 sic
1475 2447 1592 2489 scri-

64 2521 69 2524 ’
104 2507 211 2549 bere
250 2512 498 2566 oporteret:
543 2509 752 2559 Παῦλος,
799 2506 1053 2558 ἀπόστολος
1092 2506 1169 2550 οὐκ
1207 2504 1297 2548 ἀπ’
1330 2502 1590 2562 ἀνθρώπων

106 2561 198 2607 ἀλλ’
219 2561 327 2606 ἀπὸ
348 2566 462 2607 θεοῦ
483 2564 677 2622 πατρὸς,
714 2561 817 2608 οὐδὲ
837 2564 899 2608 δι’
922 2560 1191 2620 ἀνθρώπου,
1220 2559 1333 2605 ἀλλὰ
1352 2559 1593 2620 διὰἸησοΰ

105 2622 223 2676 Χρ.-,
254 2626 332 2663 aut
350 2622 507 2663 saltem
528 2622 589 2663 ita
609 2638 620 2667 :
651 2621 857 2672 Παῦλος,
893 2618 969 2664 ἀπ.
993 2621 1070 2665 οὐκ
1092 2617 1183 2662 ἀπ’
1206 2615 1460 2677 ἀνθρώπων
1480 2616 1592 2662 οὐδὲ

107 2680 178 2725 δι’
201 2679 470 2740 ἀνθρώπου,
503 2680 641 2725 ἀλλὰ
666 2680 720 2727 (51
738 2679 767 2725 c).
793 2682 972 2740 Ἰησοῦ
1000 2683 1252 2742 Χριστοῦ
1290 2678 1408 2727 ἀπὸ
1442 2678 1588 2722 θεοῦ

107 2744 344 2802 πατρός,
376 2746 617 2787 orationem
638 2760 724 2802 quo
743 2745 941 2788 videmus
964 2745 1090 2788 modo
1109 2746 1354 2789 contraxit:
1383 2743 1587 2791 Παῦλος,

106 2797 363 2852 ἀπόστολος
388 2799 466 2845 οὐκ
495 2829 550 2835 —-
581 2828 630 2834 —-
652 2799 801 2844 ’ἀλλὰ
849 2801 939 2844 διὰ
981 2801 1159 2860 Ἰησοῦ
1195 2801 1453 2859 Χριστοῦ
1490 2799 1585 2840 καὶ

108 2858 244 2900 θεοῦ
265 2873 408 2915 πατρ
422 2859 493 2909 dg.
545 2858 832 2903 Manifestum
853 2864 922 2903 est
940 2860 1099 2915 igitur,
1118 2875 1207 2918 quo
1228 2860 1323 2901 loco
1344 2854 1420 2901 διά
1438 2859 1586 2898 mente
