1752 3347
377 171 536 220 CAP.
563 171 665 219 lv.
697 172 790 219 Vs.
817 173 900 219 22.
936 171 1019 218 23.
1040 171 1211 218 —25..
1441 171 1531 216 247

13 319 18 328 ,
69 278 124 323 F.
147 280 203 325 G.
226 279 333 337 Erp.
354 279 514 324 Boern.
533 279 678 323 Mimo
696 277 819 324 Prol.
847 283 890 336 §.
907 279 1012 323 451.
1038 283 1082 321 et
1099 277 1264 322 Griesb.
1302 278 1528 335 probanti·
1591 303 1596 311 ·

70 336 171 381 bus.
228 336 296 379 Ex
318 336 386 378 his
408 339 664 380 atterutrum
684 336 758 379 καί
773 338 839 394 (h.
858 343 897 382 e.
915 341 993 379 aut
1011 334 1087 378 καί
1107 340 1208 378 ante
1219 334 1526 392 ’πληροφορη-

70 393 172 443 θείς
197 399 273 435 aut
295 392 373 435 καί
399 399 500 451 post
525 391 618 448 διό)
647 394 843 451 spurium
873 409 972 437 esse
996 398 1114 435 recte
1139 391 1339 446 colligas.
1410 391 1525 434 Nam

21 450 32 465 ⁹
69 450 410 502 dubitationem,
442 464 571 506 quam
599 451 862 493 alterutrum
887 449 962 493 καί
990 450 1199 502 haberet,
1224 447 1434 490 librarios
1460 449 1527 490 sa-

69 507 148 549 cili
174 507 428 548 confusione
456 508 500 548 in
528 507 714 548 alterum
745 505 840 555 καί,
873 507 989 564 quod
1008 508 1052 550 in
1073 507 1231 549 vicinia
1255 509 1396 558 esset,
1424 519 1529 548 con-

69 563 232 606 tulisse
261 563 306 604 in
335 567 510 619 promtu
538 566 622 605 est.
703 561 979 620 Quamquam
1012 568 1158 605 autem
1186 561 1292 604 mihi
1324 559 1401 604 καί
1426 566 1529 605 ante

70 616 442 675 πληροφορηθείς
459 617 600 671 magis
627 623 877 684 suspectum
901 624 971 662 est
993 620 1159 673 altero,
1187 624 1332 661 tamen
1361 622 1530 660 utrum-

69 688 154 734 que
171 673 295 716 uncis
312 672 603 727 circumdedi,
630 679 680 716 ut
698 689 742 716 in
770 687 819 716 re
839 675 1022 733 ancipiti
1043 690 1169 719 suum
1200 675 1388 732 quisque
1408 673 1531 734 judi-

64 732 182 774 cium
219 735 496 787 sequeretur.
534 754 590 762 —
644 730 950 773 Abrahamum
986 746 1027 776 v.
1056 733 1274 777 18.—21.
1305 746 1391 773 non
1429 746 1528 774 eum

72 786 287 839 describi,
319 801 443 843 quem
461 801 601 844 neque
620 785 681 829 ita
704 793 921 846 promtum
949 787 1006 829 ad
1031 788 1159 831 iidem
1191 790 1327 844 (Gen.
1348 789 1415 841 1⁷,
1438 789 1530 840 17.)

63 843 209 886 fuisse
240 848 285 886 et
311 843 398 886 sibi
429 858 582 901 parum
610 845 865 887 constitisse
896 844 1094 901 (V.·Gen.
1114 845 1182 898 15,
1203 847 1246 889 6.
1274 846 1329 888 cl.
1354 846 1421 898 17,
1438 846 1531 900 17.)

71 901 260 944 Genesis
281 900 458 952 doceat,
487 900 566 943 sed
587 902 762 957 qualem
789 899 843 945 Ρ.
874 901 972 959 ipse
997 902 1142 944 animo
1171 902 1425 959 complexus
1454 902 1531 955 sit,

62 959 308 1016 perfectum
328 958 543 1000 hominem
562 965 606 1001 et
623 962 829 1016 tanquam
848 959 1029 1016 pietatis
1048 959 1305 1016 exemplum,
1333 957 1388 999 ad
1406 974 1446 1003 v.
1461 960 1531 1004 19.

71 1015 327 1058 observavit
348 1014 525 1059 Rueeki.
585 1015 646 1059 V.
669 1016 741 1059 22.
778 1016 893 1058 Hinc
923 1016 1169 1072 [nimirum‚
1199 1013 1285 1056 καί·
1317 1015 1372 1059 cf.
1392 1029 1530 1073 supra

66 1101 70 1104 -
103 1104 115 1116 .
134 1073 205 1115 69.
229 1075 273 1114 et
290 1077 380 1113 not.-
398 1069 454 1113 ad
473 1085 514 1116 r.
534 1072 627 1128 21.]
659 1073 702 1114 in
725 1073 913 1115 rationes
940 1072 979 1114 ei
1006 1072 1150 1115 relata
1174 1077 1238 1115 est
1263 1073 1530 1127 inteyrz'tatc's

88 1143 159 1170 oco
180 1143 253 1185 ιη).
273 1142 346 1170 res
378 1127 503 1169 modo
531 1132 594 1185 (v.
616 1129 857 1183 18.—21.)
885 1129 1086 1186 exposita
1115 1129 1158 1173 h.
1178 1143 1217 1172 e.
1246 1129 1371 1170 firma
1399 1142 1529 1184 quam

69 1185 170 1228 Deo
187 1185 340 1227 habuit
354 1183 464 1241 fides
479 1218 489 1237 ,
518 1185 549 1229 i.
570 1200 613 1242 q.
635 1185 737 1242 qnia
759 1185 1008 1228 Abrahami
1026 1184 1135 1228 fides
1154 1186 1271 1228 sieut
1290 1184 1385 1227 dixi
1404 1199 1442 1228 v.
1458 1185 1530 1229 18.

68 1242 208 1285 —2L
232 1241 414 1293 enituit,
437 1241 600 1284 idcirco
620 1245 714 1299 ejus
734 1243 974 1299 praemium
994 1243 1101 1285 tulit
1127 1241 1204 1297 τὴν
1231 1238 1530 1298 δικαιοσύνην.

68 1298 138 1342 Cf.
158 1298 348 1342 Genesis
369 1298 435 1347 15,
457 1301 499 1342 (i.
517 1313 558 1342 v.
580 1292 712 1355 supra
733 1314 773 1343 v.
792 1300 834 1342 3.
857 1299 990 1341 allata
1006 1333 1017 1352 ‚
1044 1298 1100 1341 ad
1131 1314 1241 1357 quae
1264 1298 1317 1344 P.
1344 1298 1530 1342 reverti·-

67 1360 158 1399 tur.
223 1355 346 1398 Haec
373 1355 708 1414 interpretatio:
756 1355 843 1397 Διὸ
871 1358 954 1410 (se.
977 1355 1222 1411 γέγραπται
1251 1370 1291 1400 v.
1313 1370 1354 1398 v.
1372 1355 1445 1398 23.
1471 1355 1529 1399 cl.

68 1426 111 1456 v.
132 1413 221 1466 3.)·
261 1411 350 1453 καὶ
380 1409 521 1468 Moy.
552 1411 697 1468 αὐτῷ
728 1409 810 1461 εἰς
841 1412 942 1453 δικ.
971 1413 1082 1460 unde
1106 1412 1148 1453 in
1171 1412 1326 1455 Genesi
1352 1411 1459 1454 haec
1486 1426 1528 1456 ν.

66 1469 311 1524 perscripta
346 1473 467 1512 sunt:
510 1470 604 1509 καί
635 1467 705 1509 ἐλ.
736 1484 777 1508 a.
803 1483 838 1510 ε.
871 1470 922 1509 ὸῖ.
995 1474 1045 1510 ut
1067 1472 1290 1518 contorta,
1341 1467 1528 1520 nemini,

65 1525 237 1582 opinor,
264 1523 474 1580 placebit.
529 1523 590 1567 V.
607 1524 810 1566 23—25.
841 1522 910 1565 ὅτι
932 1522 1145 1579 ἐλογίσθη
1167 1523 1303 1580 αὐτῷ]
1336 1524 1372 1566 Ε
1393 1523 1531 1578 Vulg.

66 1583 126 1626 al.
145 1580 310 1622 addunt
329 1577 394 1629 εἷς
418 1578 719 1635 δικαιοσύνην,
751 1579 1023 1622 Theodoret.
1057 1575 1082 1634 ἣ
1112 1579 1264 1629 πίστις
1292 1580 1418 1636 (Syr.
1442 1578 1529 1622 αὐ-

66 1639 168 1693 τοῦ)
197 1635 261 1687 εἷς
283 1633 606 1691 ὁικαιοσύνηνθ
624 1638 780 1691 gloss..
840 1635 1075 1678 Posterius
1103 1650 1208 1678 sane
1235 1652 1316 1694 sup
1349 1636 1528 1679 lendum

66 1700 150 1738 est.
191 1693 293 1736 Non
312 1693 674 1749 autem‚'inquit‚
705 1697 888 1750 propter
909 1693 1054 1751 ipsum
1071 1652 1530 1736 tantummoSoAbra-

63 1753 239 1795 hamum
261 1750 382 1807 (scil.
398 1754 447 1792 ut
467 1751 653 1805 gloriam
673 1749 790 1807 apud
806 1754 1009 1807 posteros
1031 1750 1233 1804 haberet)
1261 1750 1306 1792 in
1335 1750 1468 1793 libris
1488 1764 1530 1795 8.

0 1832 5 1840 ·
65 1809 369 1863 consignatum
388 1807 554 1861 legitur
571 1810 634 1864 (v.
655 1822 695 1850 v.
715 1807 804 1862 3.),
832 1806 960 1849 fidem
983 1808 1025 1849 ei
1044 1808 1302 1864 imputatum
1326 1821 1451 1861 esse,
1478 1809 1530 1848 ut

65 1866 240 1920 integer
261 1868 534 1907 censeretur.
592 1859 704 1905 ἀλλὰ
734 1866 807 1905 καὶ
835 1864 893 1905 δι’
923 1860 1054 1920 ἡμᾶς]
1088 1878 1235 1906 verum
1269 1865 1399 1907 etiam
1422 1877 1529 1921 pro-

66 1927 167 1979 pter
193 1935 292 1973 nos,
338 1923 477 1962 Deum
504 1919 753 1961 Abrahami
790 1919 919 1962 fidem
953 1920 1228 1977 amplissimo
1254 1919 1529 1975 integritatis

64 1977 278 2021 beneficio
304 1981 628 2019 remuneratum
659 1991 782 2028 esse,
814 1977 1050 2018 memoriae
1079 1975 1300 2033 proditum
1331 1981 1422 2029 est,
1451 1990 1529 2034 ηρ.

68 2049 155 2091 quo
175 2034 357 2085 melius,
386 2032 688 2075 Abrahamum
712 2033 920 2086 contuiti,
949 2038 1158 2089 quantum
1184 2033 1287 2075 fidei
1315 2034 1376 2075 sit
1429 2046 1530 2074 rae-

67 2092 201 2134 mium
219 2091 517 2147 propositum,
545 2089 909 2143 intelligeremus,
964 2088 1079 2132 Nam
1104 2105 1215 2146 quae
1235 2090 1280 2132 in
1298 2089 1359 2135 V.
1427 2121 1439 2134 .
1459 2089 1528 2131 le<-

67 2152 252 2204 guntur,
283 2161 333 2188 ea
363 2161 444 2189 nos
462 2145 592 2188 Deus
619 2146 683 2187 sic
710 2145 755 2186 in
782 2161 890 2188 usus
918 2152 1172 2189 convertere
1196 2146 1363 2199 voluit,
1388 2150 1439 2188 ut
1466 2145 1528 2188 iis

67 2204 369 2257 erudiremur,
401 2203 778 2255 confirmaremur,
828 2202 1164 2246 admoneremur
1192 2206 1215 2245 l
1246 2203 1348 2248 Cor.
1376 2204 1426 2253 9,
1453 2203 1527 2247 1⁰.

68 2264 148 2314 10,
175 2263 218 2305 6.
239 2275 309 2318 sq.
340 2261 369 2301 2
387 2259 506 2303 Tim.
525 2259 576 2313 3,
603 2260 690 2303 16..
749 2251 814 2308 οἷς
831 2258 985 2312 μέλλει
1004 2259 1282 2316 λογίζεσθαι]
1314 2275 1375 2303 sc.
1395 2256 1421 2316 ἡ
1443 2256 1526 2301 πί-

67 2332 164 2367 στις
201 2315 266 2368 εἰς
305 2315 598 2369 δικαιοσύνην.
668 2316 807 2359 Recte
842 2314 895 2360 P.
920 2315 1073 2370 μέλλει
1112 2320 1218 2373 (non
1257 2315 1435 2368 ἓζιιελλε,
1481 2328 1524 2359 v.

68 2374 269 2429 Boehm.)
293 2374 459 2431 posuit.
513 2372 630 2416 Nam
658 2377 748 2414 tum
778 2372 950 2415 demum
975 2373 1052 2429 τὴν
1080 2370 1361 2427 δικαιοσύνην
1379 2372 1524 2429 ipsam

66 2431 349 2483 habebimus,
374 2445 505 2486 quum
521 2429 656 2489 judex
675 2431 872 2471 insontes
901 2429 1148 2471 declaratos
1180 2431 1258 2483 τῆς
1291 2424 1523 2470 ὁικοινιοσὺα

66 2503 144 2544 νης
169 2489 358 2535 fructum
383 2488 610 2545 percipere
632 2485 810 2544 jubebit
842 2487 1149 2543 sempiternam
1173 2485 1430 2527 felicitatem
1455 2486 1521 2540 (v.

65 2548 158 2588 not.
180 2544 235 2586 ad
251 2545 294 2598 3,
312 2544 384 2588 30.
416 2546 456 2598 1,
475 2545 582 2599 17.).
634 2543 889 2595 Rueclcerto,
922 2543 1064 2598 quint
1089 2541 1242 2596 μέλλει
1266 2542 1373 2584 bene
1403 2555 1521 2582 coma

65 2606 268 2661 paratum
287 2604 431 2655 esset,
459 2601 700 2643 enarravit:
733 2600 891 2656 quibus
919 2598 1028 2641 fides
1056 2598 1338 2654 imputabitur
1362 2597 1439 2640 sub
1464 2600 1519 2640 ea

0 2705 5 2709 ,
63 2659 323 2708 conditione,
352 2662 401 2700 ut
421 2658 516 2700 Deo
541 2656 749 2708 fidamus,
776 2657 891 2698 sicut
910 2655 1220 2707 Abrahamus,
1246 2655 1315 2698 vel
1331 2654 1521 2696 Articu-

64 2720 138 2762 lus
167 2717 289 2765 τοῖς
317 2710 602 2756 πιστεύουσιν
629 2714 792 2756 obstat.
850 2712 937 2754 Sed
971 2727 1081 2768 quae
1105 2726 1146 2755 v.
1174 2710 1229 2753 ad
1256 2711 1518 2754 sententiam

65 2774 321 2833 jot-{marium
348 2770 660 2812 aeeomodanda
690 2771 864 2810 fuerant-
892 2770 961 2823 ('n
991 2766 1103 2810 ἀλλὰ
1127 2770 1200 2810 καὶ
1221 2769 1278 2810 δι’
1302 2766 1442 2824 ἧμας
1464 2792 1519 2797 -ο-

64 2828 198 2881 votis
227 2827 604 2879 πιστεύοντας
635 2825 710 2871 ἐπὶ
730 2831 816 2873 etc.
847 2824 924 2869 sed
945 2826 1076 2870 etiam
1101 2830 1389 2883 propte-rues,
1419 2826 1518 2879 qui-
