1752 3347
165 91 254 134 296
444 84 829 134 EPISTOLA
856 85 960 128 AD
992 86 1356 134 ROMANOS

172 190 368 234 facinore
389 187 652 233 deteriorem
681 190 842 234 factam
869 206 971 234 esse
997 196 1212 249 putarunt
1240 195 1303 248 (v.
1321 199 1415 238 not.-
1434 197 1489 238 ad
1504 197 1547 252 8,
1571 198 1638 240 19.

173 247 293 300 20.),
329 245 402 289 vel
427 245 617 301 idcirco,
654 248 759 304 quia
782 261 836 290 ne
865 248 973 291 haec
999 248 1174 306 quidem
1208 249 1360 292 mundi
1387 248 1639 308 depravatio

174 315 293 346 mors
330 296 377 357 (ὃ
410 299 628 357 θάνατος)
655 304 847 348 vocitata
873 311 958 350 est.
1025 305 1210 360 Restat,
1247 311 1297 348 ut
1323 305 1379 349 ad
1410 309 1642 358 110an

175 356 476 402 dubitationes
496 365 648 404 contra
669 375 766 406 eam
787 376 917 420 quam
936 361 1217 419 probavimus
1235 363 1645 422 interpretationem

174 417 319 458 motas
337 416 699 473 respondeamus.
757 417 1038 462 Exstiterunt
1056 419 1217 475 igitur,
1247 420 1324 477 qui
1352 418 1427 462 τὸν
1448 419 1647 463 θάνατον

174 470 231 514 de
257 476 399 515 morte
460 473 616 530 hysicst
643 474 716 516 hic
745 481 864 518 recte
889 477 987 536 capi
1006 481 1240 536 propterea
1266 480 1503 534 negarent,
1531 475 1648 534 quod

175 528 377 572 homines
397 543 420 571 c
453 530 554 575 rist.
573 531 789 576 moriendi
807 533 1070 577 necessitate
1090 549 1114 576 a
1133 534 1312 580 Christo
1337 535 1513 578 minime
1543 533 1648 576 sub-

175 585 270 630 lata
290 585 405 630 diem
424 601 677 646 supremum
696 589 894 646 obirent,
923 596 973 635 ut
997 591 1134 634 ceteri
1162 592 1388 636 mortales,
1445 591 1514 634 At
1542 605 1649 634 sane

177 641 387 687 christus
421 658 447 686 a
476 645 581 703 piis,
608 660 718 703 quos
743 647 942 691 insontes
973 646 1215 704 (δικαίους)
1243 648 1371 691 Deus
1401 648 1651 691 censuisset

176 701 243 757 (v.
262 714 304 745 v.
322 701 443 759 21.)‚
479 703 576 746 suis
604 703 796 759 alumnis
822 710 1007 755 mortem
1025 706 1211 759 amovit,
1240 705 1319 748 sed
1337 720 1450 748 nune
1471 704 1649 762 quidem

177 770 272 812 spe.
336 755 467 800 Nunc
499 760 615 804 enim
647 761 707 804 iis
727 759 898 806 Christi
926 761 1126 806 doctrina
1152 763 1502 806 immortalitatis
1527 776 1650 818 spem

177 813 377 858 ostendit
403 816 453 872 (2
473 816 595 860 Tim.
615 818 666 871 l,
690 819 800 874 10.).
872 819 1134 878 Aliquando
1171 823 1319 861 autem
1355 818 1564 862 Christus
1602 819 1650 861 in

177 874 400 916 terrarum
418 873 568 918 orbem
594 873 735 934 judex
762 890 971 920 reversus
1000 877 1046 919 in
1074 877 1381 931 sempiternam
1407 889 1484 918 eos
1513 876 1652 919 morie

177 926 346 972 abolit&
383 929 518 979 vitam
546 930 849 976 vindicaturus
881 939 952 978 est
996 935 1045 990 (l
1066 931 1169 977 Cor.
1194 933 1269 985 15,
1288 932 1362 976 21.
1382 946 1451 990 sq.
1488 931 1562 976 52.
1581 947 1652 988 sq.

176 983 252 1029 57.
279 986 426 1044 Apoc.
445 988 517 1043 21,
532 987 617 1044 4.).
673 989 849 1033 Deinde
867 1005 1021 1048 parum
1040 994 1158 1032 recte
1185 988 1348 1032 habere
1370 988 1541 1032 Adami
1554 1002 1652 1031 cum

179 1040 363 1086 Christo
382 1045 687 1101 collationem,
715 1047 757 1091 si
786 1042 810 1090 ὃ
827 1045 1025 1098 θάνατος
1051 1046 1104 1090 do
1130 1050 1271 1090 morte
1300 1045 1482 1102 physica
1508 1045 1653 1103 expli-

178 1103 330 1154 cetur,
359 1100 579 1162 objectum
606 1108 692 1148 est.
757 1102 875 1147 Nam
906 1104 1135 1148 Christum
1161 1104 1241 1160 τῆς
1270 1101 1506 1146 αἰωνίου
1541 1101 1655 1158 ζωῆς

178 1160 404 1201 auctorem
427 1158 514 1202 dici
533 1174 575 1204 v.
593 1159 665 1204 21.
683 1160 991 1213 observarunt,
1022 1175 1077 1203 ex
1100 1175 1187 1218 qno
1208 1159 1432 1203 Adamum
1451 1162 1655 1203 aeternae

177 1213 297 1257 vitae
325 1217 594 1260 contrarium
626 1217 890 1277 importasse
919 1233 945 1260 a
963 1216 1017 1262 P.
1039 1216 1242 1261 contendi
1264 1217 1367 1277 jure
1392 1216 1655 1274 colligipu-

177 1272 348 1316 tarunt.
405 1272 589 1317 Minime
619 1288 740 1320 vero.
807 1275 1000 1320 Omnino
1031 1275 1148 1318 enim
1177 1279 1401 1319 mortem
1430 1273 1652 1329 physicum

179 1328 329 1372 vitae
357 1335 560 1373 aeternae
586 1330 700 1375 hene
738 1333 902 1391 opponi
938 1337 1146 1391 apparet,
1193 1329 1546 1388 quandoquidem
1576 1330 1656 1384 τῆς

181 1381 368 1428 αἰωνίου
386 1383 501 1444 ζωῆς
519 1388 641 1430 notio
653 1389 871 1445 primaria
890 1394 936 1434 et
963 1389 1112 1433 verbis
1139 1389 1254 1447 ipsis
1289 1388 1515 1431 enuntiata
1542 1400 1658 1428 sem-

179 1441 405 1496 piternae,
434 1457 543 1500 quae
568 1451 706 1489 morte
729 1461 812 1490 mm
835 1446 1044 1501 finiatur,
1085 1447 1237 1490 vitae
1266 1451 1359 1497 est,
1396 1443 1653 1487 secundaria

179 1511 325 1554 neque
342 1499 491 1542 verbis
517 1515 754 1559 expressa,
783 1503 863 1547 sed
890 1517 1001 1560 quae
1030 1501 1208 1546 aliunde
1237 1504 1282 1559 (e
1301 1500 1655 1546 Christianorum

181 1568 264 1612 spe
286 1553 457 1599 Christi
477 1558 713 1614 promissis
731 1560 867 1614 fulta)
885 1559 1148 1612 accesserit,
1179 1557 1295 1601 vitae
1317 1558 1484 1602 beatae.
1520 1554 1656 1600 Post-

179 1623 305 1654 remo
323 1611 400 1655 τὸν
414 1611 612 1656 θάνατον
634 1620 754 1658 recte
774 1616 846 1658 hic
874 1620 1076 1669 mortem,
1105 1618 1191 1673 qua
1220 1620 1406 1658 „ceren-ae
1426 1612 1654 1671 satisfaci-

179 1681 301 1721 mus,
332 1670 496 1727 exponi
523 1670 688 1714 idcirco
718 1672 903 1715 infitiati
928 1677 1058 1726 sunt,
1097 1670 1214 1730 quod
1249 1671 1510 1726 sempiterna
1539 1669 1656 1725 apud

179 1722 348 1781 inferos
365 1731 582 1770 tormenta
599 1730 681 1771 τοῦ
699 1725 899 1772 θανάτου
918 1730 973 1772 nh
992 1728 1170 1773 Adamo
1193 1729 1354 1772 invecti
1376 1728 1548 1770 ratione
1577 1727 1656 1768 ha-

181 1780 278 1824 hita
299 1775 324 1824 ὁ
345 1779 543 1833 θάνατος
562 1780 586 1827 ὃ
607 1781 813 1841 δεύτερος
828 1788 975 1844 Apoc.
992 1787 1035 1841 2,
1057 1788 1127 1829 11.
1145 1785 1205 1830 al.
1221 1786 1409 1841 fiynraie
1429 1783 1656 1842 appellen-

181 1841 284 1892 tur,
312 1839 430 1882 unde
453 1840 599 1898 ipsum
629 1856 802 1899 quoque
829 1840 905 1886 τόν
928 1839 1127 1885 θάνατον
1153 1842 1208 1884 ah
1239 1841 1415 1885 Adamo
1443 1842 1657 1898 importa-

182 1898 276 1941 tum
295 1896 654 1951 metaphoricam,
685 1913 771 1941 non
790 1900 1014 1957 propriam
1041 1903 1306 1957 potestatem
1334 1897 1495 1940 habere
1523 1911 1658 1952 argu-

182 1952 370 1994 mentati
394 1958 512 1996 sunt.
570 1953 697 2010 Quae
724 1956 1050 2012 argumentatio
1076 1955 1222 1998 inanis
1245 1959 1329 1998 est.
1397 1953 1515 1998 Sane
1544 1968 1657 1997 sem-

179 2008 343 2064 piterni
367 2009 412 2052 in
435 2012 622 2054 tartaris
648 2013 865 2057 cruciatus
889 2012 946 2056 ad
972 2028 1092 2066 eam,
1136 2027 1248 2069 quae
1309 2016 1460 2069 ropter
1490 2009 1658 2054 Adami

182 2065 357 2109 facinus
394 2067 594 2110 adeunda
633 2073 776 2124 esset,
822 2075 1002 2114 moriem
1040 2075 1244 2128 respectu
1317 2068 1437 2112 abito
1477 2068 1660 2111 alterins

184 2122 343 2166 mortis
387 2125 488 2179 (τοῦ
515 2125 716 2169 θανάτου
753 2127 853 2170 τοῦ
890 2126 1192 2183 δευτέρου)
1229 2126 1404 2169 nomine
1444 2124 1659 2183 appellati

184 2183 306 2224 sunt.
343 2179 413 2225 Cf.
432 2182 578 2239 Apoc.
595 2184 666 2237 20,
687 2183 759 2228 14.
781 2209 837 2216 -
857 2185 931 2226 καὶ
952 2181 976 2227 ὁ
1000 2183 1202 2234 Θάνατος
1220 2184 1294 2225 καὶ
1315 2179 1502 2239 ἶῖἈιὸης
1520 2178 1659 2248 ἐβλά-

184 2239 334 2292 θησαν
354 2236 420 2289 εἰς
439 2239 516 2296 τὴν
536 2237 691 2296 λίμνην
708 2244 788 2284 τοῦ
814 2237 972 2297 πυρός.
1037 2235 1180 2291 Οὗτος
1210 2234 1235 2283 ὃ
1264 2238 1464 2290 θάνατος
1499 2254 1522 2282 o
1552 2237 1661 2304 ‘³⁶3¹‘

185 2289 315 2352 ῑερός
343 2293 475 2340 ἐστιν.
504 2322 557 2330 -
587 2297 695 2342 leaec
729 2311 849 2341 mors
882 2299 1026 2342 altera
1051 2304 1122 2342 est
1148 2298 1182 2344 i.
1201 2311 1242 2343 e.
1270 2297 1352 2340 hoc
1382 2298 1484 2340 lacu
1517 2296 1661 2352 ignito

277 2445 322 2479 ab
351 2447 576 2494 Abrabamo,
612 2450 751 2494 isaaco,
783 2452 947 2496 Jacobo,
971 2452 1152 2500 Josepho,
1176 2452 1331 2493 Davidc,
1364 2452 1479 2486 Roaso
1505 2451 1579 2485 aliis
1607 2452 1665 2485 sai

280 2498 379 2526 ctum
408 2506 482 2528 esse
508 2505 655 2531 narrant
687 2500 735 2542 (v.
754 2497 944 2542 Sclzoettg.
964 2498 1053 2534 Hor.
1076 2499 1175 2534 hebr.
1198 2500 1234 2539 Ι,
1260 2512 1294 2545 p.
1316 2500 1395 2533 529.
1418 2505 1449 2533 ct
1475 2498 1571 2533 1203.
1591 2499 1662 2542 sq.)

281 2535 416 2592 Contra
443 2540 620 2586 dogmatis
644 2545 688 2579 de
719 2552 868 2591 peceato
898 2545 1046 2589 originis
1075 2545 1234 2580 fautore<
1264 2547 1308 2580 ab
1342 2545 1469 2579 Adam}
1505 2544 1664 2595 posteris»,

281 2595 380 2616 sacr-e
405 2584 538 2622 lotione
557 2592 720 2625 nondum
741 2590 886 2626 initiatis
915 2593 1107 2634 „libnrum
1127 2593 1324 2626 arbitrium
1351 2593 1389 2625 in
1416 2593 1526 2623 rebus
1550 2589 1660 2631 spir·-

283 2631 472 2665 tualilnne‘
501 2635 752 2679 abjudicarunt
772 2637 882 2682 iisque
904 2644 1000 2673 recte
1018 2638 1144 2684 pieque
1163 2638 1288 2683 agendi
1310 2644 1483 2684 potestate
1503 2633 1660 2678 adempti

284 2678 457 2720 peccandi
478 2683 723 2717 necessilatem
743 2684 945 2729 impositam
969 2697 1043 2718 esse
1064 2685 1335 2730 perhibuerunt.
1383 2683 1427 2717 V.
1448 2681 1555 2717 Cous.
1569 2682 1659 2721 Aug.

283 2721 484 2804 slx'i'ssh'e'nb‘.).⁵
504 2727 554 2769 9.,
580 2727 711 2771 xviii,
735 2743 770 2777 p.
792 2731 848 2768 14.
877 2731 1000 2766 Form.
1032 2731 1146 2768 Cone·
1178 2731 1257 2766 501.
1279 2730 1412 2767 declar.
1441 2741 1474 2775 p.
1495 2727 1573 2763 643.
1603 2726 1663 2761 cd·
