1752 3347
224 201 307 244 110
504 198 891 245 EPISTOLA.
924 199 1027 244 AD
1056 166 1420 248 ROMANOS

221 306 336 351 vitae
352 320 557 350 aeternae
576 310 830 348 ornamenta
851 305 1030 361 beniyne
1047 307 1243 349 conferat
1262 309 1340 364 (cf.
1360 314 1450 354 not.
1471 309 1578 365 adl,
1591 313 1699 369 17.).

219 364 360 407 Recte
385 364 524 418 igitur
545 361 600 407 P.
626 361 773 404 Deum
801 376 955 420 parem
983 364 1251 420 aequitatem
1281 369 1326 407 et
1355 365 1699 411 benevolentiam

222 421 279 464 iis
298 420 480 466 Judaeis
497 424 541 462 et
559 419 803 474 gentilibus
825 420 1147 477 praestiturum
1172 435 1272 464 esse
1301 422 1590 479 existimarit,
1623 426 1701 483 qui

221 482 268 521 et
287 478 373 536 ipsi
391 476 522 519 enixo
543 475 691 518 studio
708 477 918 519 virtutem
939 477 1157 519 coluerint
1175 477 1475 535 bonorumque
1506 480 1700 529 virorum

220 535 413 578 animum
451 532 552 576 Deo
589 532 896 591 probaverint.
964 533 1039 576 Sic
1077 535 1191 577 enim
1221 535 1301 577 hoc
1330 535 1545 590 senserit,
1585 537 1703 594 quod

223 593 249 634 1
271 592 388 634 Tim.
418 589 544 644 4,10.
572 590 871 648 perscriptum
894 595 991 644 est,
1029 606 1156 648 quum
1187 606 1366 634 omnes
1390 591 1583 636 homines
1611 599 1703 638 tum

222 649 413 691 maxime
447 647 705 690 christianos
740 648 888 690 Deum
925 648 1065 691 beare.
1111 647 1203 703 (Cf.
1244 649 1360 691 infra
1389 663 1431 692 v.
1462 649 1591 691 13-
1611 651 1704 706 16.)

220 704 283 749 V.
305 705 376 748 11.
436 702 710 746 Sententiam
737 720 777 749 v.
811 705 885 748 10.
913 708 957 747 et
986 706 1057 748 11.
1086 707 1328 762 prolatam:
1372 706 1549 749 Judaeis
1574 722 1706 774 aeque

220 776 274 805 ae
289 760 519 817 yente'libus
547 765 640 803 tum
668 761 959 816 gravissimas
987 776 1151 819 poenas
1179 767 1360 820 paratas
1390 777 1515 816 esse,
1556 764 1595 805 si
1623 778 1704 806 im·

220 817 358 877 probe
375 817 549 871 vivant,
580 821 672 860 tum
692 819 968 876 amplissima
991 820 1186 876 praemia
1209 820 1462 885 proposita,
1500 819 1540 861 si
1568 821 1704 863 hone-

221 880 334 918 stam
356 875 490 917 vitam
508 880 663 930 agant:
698 873 751 920 P.
770 876 1030 918 firmaturus
1046 891 1129 918 non
1148 882 1213 918 est
1233 892 1345 919 emm
1359 909 1372 929 ,
1401 877 1559 933 inquit,
1591 877 1705 933 apud

220 932 366 975 Deum
382 931 577 988 partium
600 933 806 976 studium.
866 932 998 976 'Unde
1026 937 1233 991 apparet,
1271 932 1419 974 Deum
1445 932 1595 975 eodem
1622 948 1706 975 nu-

222 1003 340 1031 mero
386 1003 606 1046 paganos,
689 1004 744 1032 uo
783 989 1005 1042 Iudaeos,
1055 995 1210 1047 putare
1247 990 1358 1033 Act.
1407 990 1486 1041 10,
1507 989 1581 1034 34.
1615 989 1706 1034 35..

221 1044 607 1103 προςωποληψιά]
700 1046 842 1090 uelem.
881 1047 1079 1088 scribere
1119 1047 1235 1088 solet
1274 1044 1703 1103 προςωπολημψία,

220 1107 314 1145 tum
333 1102 812 1160 προςωπολημπτεῖτε
840 1102 937 1147 Jac.
968 1104 1010 1155 2,
1023 1105 1091 1156 9.,
1123 1102 1401 1159 προςωπολή
1411 1118 1441 1155 μ
1456 1117 1570 1159 πτης
1594 1105 1705 1146 Act.

221 1159 398 1214 10‚34.,
437 1156 905 1215 παραλημφθήσεται
946 1159 1055 1203 Luc.
1098 1159 1250 1213 1234,
1284 1158 1381 1212 35„
1430 1158 1707 1215 λήμψονται

219 1215 358 1260 Marc.
380 1215 449 1269 12,
460 1215 549 1268 4Ο.,
580 1212 791 1270 πρόςὶηῃι
805 1223 890 1271 ψις
908 1216 1038 1260 Rom.
1061 1217 1130 1269 ll,
1147 1217 1214 1260 15.
1236 1220 1279 1258 et
1297 1215 1458 1258 similia
1481 1216 1706 1261 similiter.

219 1274 344 1330 Quas
362 1274 528 1315 formas
550 1272 596 1313 in
617 1272 942 1329 antiquissimis
962 1274 1149 1316 maxime
1168 1271 1306 1317 Codd.
1330 1272 1481 1315 obvias
1499 1273 1707 1317 Suu-zius

219 1331 274 1374 de
293 1330 401 1374 dial.
424 1344 533 1373 mac.
557 1334 601 1371 et
620 1329 737 1373 alex.
766 1345 810 1388 p.
843 1330 942 1374 130.
975 1346 1044 1388 sq.
1077 1329 1382 1373 alexandrinis
1411 1330 1706 1387 scriptoribus

220 1387 474 1431 vindicavit.
535 1384 717 1429 Putavit
737 1387 852 1430 enim
874 1403 949 1431 eos
970 1388 998 1433 J
1002 1403 1130 1430 onum
1153 1402 1281 1430 usum
1313 1387 1597 1445 repetivisse,
1629 1387 1707 1444 qui

220 1440 464 1499 λάμψομαι
484 1457 564 1501 pro
585 1439 807 1500 λήψομαι,
829 1441 1131 1503 λάμψεαιρνο
1153 1443 1586 1502 ).⁷jzlc21;(Herod0t.7‚
1597 1445 1707 1498 39.),

221 1498 567 1557 καταλαμφθείς
598 1515 679 1558 pro
709 1500 1022 1559 καταληφθείς
1072 1501 1291 1545 Herodot.
1322 1502 1495 1556 5,21.)‚
1537 1501 1707 1557 φοιβό-

219 1558 423 1612 λαμπτος
450 1572 532 1615 pro
561 1555 873 1614 φοιβόληπτος
900 1558 1042 1615 (Hero
1078 1563 1138 1603 ot.
1167 1557 1321 1610 4‚13.)
1353 1557 1575 1601 dixerunt.
1635 1557 1706 1602 Cf.

219 1615 393 1658 Buttm.
416 1617 526 1668 aue'f.
544 1628 603 1669 gt.
625 1617 815 1667 &pmcbh
836 1613 905 1658 II.
926 1630 969 1672 p.
993 1616 1108 1659 178..
1148 1613 1238 1657 Sed
1260 1614 1357 1655 fieri
1378 1621 1522 1656 tamen
1543 1619 1707 1672 potest,

218 1677 268 1713 ut
285 1671 392 1712 illae
410 1671 577 1712 formae
595 1684 676 1727 pro
695 1670 982 1713 librariorum
1011 1671 1269 1728 quisquiliis
1295 1670 1568 1728 spernendae
1599 1673 1707 1716 sint.

218 1726 337 1771 Nam
356 1723 613 1784 λήμψομαι
634 1741 713 1784 pro
733 1723 966 1784 ἱήψομαι,
1005 1728 1089 1782 mo}
1103 1745 1132 1782 μ
1147 1736 1223 1785 ww
1244 1742 1324 1785 pro
1348 1729 1515 1782 βλάψω
1530 1759 1539 1777 ,
1575 1728 1635 1771 πέ
1645 1744 1710 1782 μ-

219 1792 298 1842 ψω
327 1785 373 1840 (a
402 1798 444 1827 v.
473 1783 641 1839 πέττω)
669 1798 750 1842 pro
782 1783 921 1841 πέψω
949 1791 993 1827 et
1020 1785 1151 1845 hujus
1179 1785 1356 1841 generis
1385 1785 1472 1826 alia
1502 1784 1633 1828 etiam
1660 1786 1706 1828 in

220 1841 370 1884 atticis
407 1841 700 1899 scriptoribus
728 1842 1058 1885 vetustissimae
1096 1842 1374 1884 membranae.
1404 1841 1617 1896 offerunt,
1656 1846 1708 1883 ut

216 1913 298 1955 per
326 1897 496 1941 Codices
527 1897 675 1940 codem
700 1897 804 1956 jure
833 1898 1014 1942 Platoni
1045 1905 1088 1942 et
1119 1897 1399 1956 Thucydidi,
1440 1913 1526 1955 quo
1552 1897 1611 1943 N.
1645 1898 1707 1943 T.

220 1955 309 1998 seri
343 1954 515 1997 toribus
542 1955 879 2012 impertiantur,
918 1957 962 2000 h.
993 1972 1031 2001 e..
1063 1958 1203 2000 nullm
1271 1955 1385 1998 Sunt
1410 1957 1524 1997 enim
1553 1955 1706 2014 hujus-

221 1970 341 2055 modli
357 2012 526 2054 formae
547 2012 609 2054 ibi
629 2027 682 2054 ex
703 2027 754 2056 eo
774 2016 918 2067 natae,
950 2012 1068 2071 quod
1086 2012 1354 2056 recentiores
1375 2012 1707 2069 quidamGrae-

220 2075 310 2118 culi
326 2078 427 2117 ante
446 2076 476 2127 β
495 2079 538 2117 et
561 2090 596 2116 π
615 2075 729 2118 male
750 2091 780 2128 μ
805 2079 1169 2132 pronuntiarunt:
1207 2078 1237 2130 β
1262 2074 1427 2133 ¹ufze'tr..
1487 2075 1556 2119 Cf.
1583 2074 1707 2118 Thilo

221 2132 331 2178 cod.
353 2148 424 2191 ap.
443 2132 505 2191 N.
524 2133 582 2178 T.
601 2133 651 2188 1,
683 2148 727 2190 p.
751 2135 852 2180 288.
867 2169 879 2189 ,
912 2135 988 2192 qui
1014 2137 1122 2178 citat
1142 2136 1270 2181 Rich.
1288 2138 1452 2180 Simon.
1475 2135 1589 2178 Nov.
1612 2134 1706 2177 Ob-

222 2205 338 2235 serv.
366 2191 413 2233 in
432 2190 493 2235 N.
517 2190 575 2235 T.
606 2207 649 2248 p.
677 2194 737 2236 5..
796 2192 959 2249 Itaque
989 2194 1033 2235 in
1064 2207 1112 2235 re
1140 2193 1308 2236 incerta
1338 2208 1386 2234 ae
1416 2191 1706 2234 dubitationis

221 2247 353 2306 plena
374 2262 399 2289 a
420 2248 545 2291 novis
571 2249 703 2291 rebus
733 2250 905 2291 animus
939 2250 1163 2294 abhorret.
1225 2250 1286 2294 V.
1315 2251 1384 2293 12.
1430 2249 1707 2292 Sententiam

221 2319 376 2348 versus
398 2306 468 2349 11.
490 2305 606 2347 mallo
626 2306 769 2347 Deum
783 2307 978 2361 partium
997 2308 1135 2349 studio
1154 2308 1292 2350 teneri
1315 2322 1470 2349 rursus
1494 2307 1545 2350 P.
1571 2320 1705 2363 argu-

222 2366 367 2404 mento
385 2362 687 2405 corroboravit
715 2377 756 2406 v.
786 2364 874 2407 12..
943 2362 1072 2420 Quod
1097 2365 1160 2406 sic
1190 2365 1425 2407 instituere
1453 2364 1620 2421 potuit,
1657 2367 1708 2405 ut

223 2433 309 2461 non
327 2419 471 2462 minus
489 2420 694 2475 gentiles,
726 2435 858 2476 quam
878 2419 906 2464 J
910 2420 1071 2462 udaeos
1091 2421 1331 2464 honestatis
1348 2421 1545 2476 praemia
1566 2435 1590 2462 a
1606 2419 1706 2462 Deo

223 2475 452 2518 habituros
472 2492 570 2520 esse
603 2482 817 2521 moneret.
876 2477 943 2520 At
972 2477 1026 2519 do
1056 2476 1273 2520 industria
1307 2479 1417 2520 hane.
1446 2479 1559 2520 viam
1592 2477 1707 2529 iniit,

224 2537 273 2574 ut
291 2537 382 2575 tum
402 2548 563 2591 pravos
582 2535 794 2588 gentilos,
830 2538 922 2575 tum
954 2535 1008 2577 im
1029 2534 1175 2576 ›rohos
1199 2535 1395 2579 Iudaeos
1415 2534 1512 2577 Deo
1542 2533 1705 2590 qrmw's-

224 2588 359 2630 simas
375 2605 534 2645 poenus
549 2592 725 2634 daturos
752 2590 935 2635 (liceret.
1003 2549 1116 2633 Nam
1150 2607 1234 2648 quo
1265 2594 1358 2634 loeo
1389 2592 1602 2649 superbos
1624 2588 1704 2634 Ju-

225 2643 434 2688 daeorum
464 2648 652 2705 spiritus
682 2649 890 2702 frangere
918 2649 1220 2692 constituisset
1255 2648 1365 2691 illud
1397 2647 1632 2691 identidem
1662 2646 1705 2688 ei

226 2701 529 2747 affirmandum
561 2711 681 2756 erat,
755 2705 841 2746 uod
867 2705 1133 2749 Judaeorum
1167 2708 1323 2761 vulgus
1355 2705 1542 2763 superbe
1574 2718 1704 2758 nega-

226 2759 312 2811 vit,
342 2760 462 2809 fore,
502 2767 550 2802 ut
577 2777 628 2804 ne
657 2721 925 2806 ludaeorum
958 2763 1131 2820 quidem
1165 2763 1395 2806 maleficiis
1426 2761 1550 2803 Deus
1581 2760 1703 2814 iguo-

229 2821 370 2858 sceret
389 2817 523 2871 (esna
546 2819 626 2870 3.).
679 2816 936 2872 Zia-(iumen.
971 2824 999 2862 Ι.
1032 2821 1144 2861 valet
1180 2822 1270 2861 sine
1298 2819 1464 2875 seyr-(i.
1499 2833 1540 2879 q.
1569 2818 1706 2871 χωρίς

229 2869 363 2926 νόμου
384 2873 500 2916 infra
520 2875 612 2922 29.
646 2877 700 2918 es.
732 2874 943 2919 {socratis
972 2876 1190 2931 panegyr.
1221 2891 1257 2917 e.
1284 2878 1350 2918 10.
1380 2875 1704 2930 rrapamo’ofua
