1752 3347
198 179 287 224 142
384 213 388 216 »
480 175 861 222 EPISTOLA
893 177 996 219 AD
1030 174 1389 223 ROMANOS

198 284 278 340 τῆς
304 281 490 342 καρόίας
521 283 620 326 Deo
682 281 832 325 rohari
860 282 1032 336 solere,
1069 295 1155 324 non
1185 280 1453 328 hominibus.
1513 282 1671 328 Nihilo

197 340 357 391 melius
387 341 530 395 Kopp.
568 345 613 382 ct
683 339 845 382 heluco.
877 330 930 380 οὗ
960 337 1178 381 Neutrum
1209 337 1343 380 simul
1375 337 1430 380 ad
1454 339 1672 383 sincerum

197 396 414 444 Judaeum
435 396 568 437 simul
596 393 653 437 ad
681 395 816 437 animi
845 394 1217 439 circumcisionem
1248 395 1470 451 pertinere
1532 403 1673 442 utant.

198 452 272 498 lm
303 453 507 497 nimirum
535 443 594 492 ὧν
621 450 864 510 ponendum
892 451 1052 496 suerat.
1122 450 1278 494 Potest
1306 443 1358 493 οὗ
1389 465 1469 508 pro
1548 459 1673 495 emm

196 515 388 553 sumtum
429 506 485 549 ad
523 521 567 552 v.
600 505 822 564 περιτομὴ
853 507 1039 564 καρδίας
1066 508 1226 550 referri
1259 522 1354 550 cum
1384 506 1562 551 schotto
1591 509 1674 554 aL:

196 566 359 622 cujus
376 564 460 607 rei
485 564 854 620 (circumcisionis
881 565 1072 608 animum
1132 565 1355 630 urgantis)
1385 564 1480 606 laus
1509 578 1593 607 non
1619 564 1676 607 ab

198 620 462 674 bominibus,
490 621 567 662 sed
584 637 611 664 a
629 622 724 664 Deo
741 620 1042 675 proficiscitur.
1137 621 1191 665 ed
1212 636 1414 678 quoniam
1438 621 1483 662 in
1504 619 1558 664 P.
1581 619 1676 663 dis-

196 677 426 737 putatione
447 692 487 721 ν.
506 677 578 722 27.
597 678 675 722 28.
697 677 775 734 (cf.
795 678 914 734 3‚1.)
944 677 1099 721 ,ludaei
1115 679 1235 721 notio
1265 676 1476 736 primaria
1503 682 1574 720 est
1599 692 1676 720 ne-

262 749 286 777 e
302 734 650 778 circumcisionis
668 734 799 778 aliam
820 733 877 776 ob
898 749 990 776 rem
1020 735 1183 777 mentio
1212 736 1286 788 fit,
1328 735 1414 776 nisi
1445 739 1494 776 ut
1520 733 1574 777 de
1593 732 1675 779 Ju-

229 805 307 834 aeo
324 789 442 832 dicta
466 791 762 844 illustrentur,
790 805 842 833 eo
864 792 1035 834 animus
1057 791 1315 850 propendet,
1345 797 1392 833 ut
1412 791 1468 833 iis
1488 790 1675 846 [Bezae,

196 848 373 900 Reum„
397 846 526 892 Mero
544 849 623 903 aL]
642 848 878 902 assentiar,
908 849 983 905 qui
1007 841 1058 891 οἷ)
1076 848 1368 891 Masculinum
1401 847 1456 889 ad
1482 862 1581 890 eum
1602 862 1675 889 re-

196 905 348 948 ferunt
368 903 446 960 qui
471 905 614 948 animo
645 905 706 947 sit
726 904 947 949 Judaeus:
982 919 1106 961 quem
1135 907 1396 961 (genuinum
1429 903 1676 958 Judaeum)

195 976 282 1005 non
298 960 488 1004 homines
506 962 604 1018 (qui
625 961 758 1005 rebus
785 963 910 1004 vanis
941 976 1073 1019 saepe
1104 959 1325 1004 ducuntur
1354 965 1399 1001 et
1426 973 1561 1017 prava
1594 959 1675 1002 ad-

194 1017 391 1072 amant),
435 1019 511 1061 sed
537 1019 660 1061 Dens
698 1018 798 1074 (qui
827 1032 942 1060 unus
969 1032 1073 1060 vero
1104 1023 1238 1074 atque
1272 1017 1456 1058 honesto
1484 1017 1675 1075 pretium

197 1074 378 1129 statuit)
415 1073 575 1117 laude
608 1075 960 1132 prosequitur
991 1073 1112 1129 (Joh.
1139 1074 1267 1127 5‚44.
1300 1073 1490 1127 12‚43.).
1547 1074 1674 1129 Quae

195 1131 419 1174 sententia
461 1145 595 1188 quum
631 1130 796 1188 optime
824 1136 1073 1187 comparata
1103 1131 1186 1185 sit,
1235 1130 1403 1185 Kopp„
1449 1129 1675 1175 Schleusn.

194 1187 311 1232 Lex.
329 1189 389 1232 al.
407 1185 483 1229 τὸν
502 1186 686 1230 ἔπαινον
704 1187 801 1229 sine
820 1186 975 1229 idonea
994 1188 1122 1228 causa
1132 1189 1371 1242 praemium
1384 1192 1674 1230 enarrarunt:

195 1246 270 1303 qui
285 1245 511 1301 (sincerus
530 1242 748 1299 Iudaeus)
766 1257 850 1285 non
877 1243 933 1285 ab
961 1243 1227 1297 hominibus,
1262 1244 1338 1286 sed
1365 1259 1391 1285 ιι
1416 1244 1512 1286 Deo
1544 1258 1675 1298 prae-

194 1302 282 1344 mio
304 1299 516 1359 afficitur.
565 1299 694 1342 Nihil
715 1296 829 1342 euim
851 1295 874 1341 ὃ
895 1297 1079 1349 ἔπαινος
1101 1301 1187 1342 nisi
1207 1301 1376 1343 lmedem
1400 1301 1523 1342 notat
1541 1301 1673 1343 etiam

193 1358 254 1400 iis
272 1359 330 1409 L,
360 1370 469 1413 quae
488 1357 680 1398 citaruut
695 1370 735 1401 v.
752 1373 789 1401 c.
817 1355 976 1412 Polyb.
996 1357 1038 1408 2,
1050 1357 1202 1411 58,11.
1227 1359 1330 1412 [nou
1354 1358 1442 1413 12]
1473 1358 1580 1416 Sap.
1603 1357 1673 1410 15,

193 1415 267 1459 19.
286 1414 416 1458 Rom.
439 1413 508 1467 13,
520 1414 562 1457 3.
585 1415 609 1455 l
630 1412 734 1457 Cor.
753 1414 850 1466 4,5,
879 1418 924 1456 ct
954 1416 976 1455 1
1002 1413 1123 1458 Petr.
1144 1416 1235 1467 1,7.
1261 1417 1304 1466 2,
1322 1415 1390 1458 14.
1406 1447 1418 1467 ,
1451 1419 1495 1455 et
1521 1428 1674 1471 quam-

194 1485 326 1528 quam
356 1470 454 1513 fieri
486 1475 656 1528 potest,
698 1475 749 1512 ut
774 1471 884 1513 hene
914 1471 1020 1512 sacti
1050 1471 1291 1528 praemium
1323 1476 1398 1512 aut
1427 1476 1565 1512 totum
1597 1475 1676 1513 aut

194 1529 346 1584 aliqua
365 1526 461 1586 ejus
481 1542 586 1585 pars
607 1526 740 1570 laude
763 1543 890 1583 quam
915 1528 1032 1569 seras
1057 1528 1355 1579 contineatur,
1394 1527 1508 1569 unde
1540 1523 1564 1583 ἡ
1596 1526 1674 1570 ὲκ-

195 1583 372 1640 ὁίκησις
389 1588 434 1625 et
454 1579 477 1625 ὁ
497 1581 680 1632 ἔπαινος
698 1590 817 1625 recte
834 1583 1015 1626 invicem
1037 1590 1319 1641 opponuntur
1339 1586 1361 1625 1
1388 1582 1507 1628 l’etr.
1527 1584 1570 1636 2,
1585 1584 1671 1635 14„

193 1646 342 1684 tamen
362 1639 557 1684 Graecos
579 1638 654 1681 τὸν
675 1638 860 1683 ἔπαινον
876 1641 1062 1693 praemii
1083 1641 1332 1694 significatu
1356 1642 1559 1697 posuisse
1590 1640 1672 1681 mi-

195 1699 313 1740 nime
350 1695 450 1739 inde
491 1711 638 1738 conse(
657 1696 790 1739 uitur.
854 1696 1038 1747 Restat,
1085 1704 1132 1739 ut
1172 1712 1283 1753 quae
1323 1697 1589 1755 interpretes
1629 1697 1673 1738 in

194 1768 263 1799 vs,
282 1753 354 1798 28.
375 1754 448 1797 29.
468 1759 635 1796 strueu(
653 1754 690 1795 is
710 1753 953 1809 deliquisse
983 1753 1215 1796 videantur
1244 1769 1490 1798 memorem.
1549 1755 1672 1809 Quo-

193 1825 294 1854 :rum
314 1810 488 1854 Grotius
506 1825 546 1854 v.
568 1825 608 1853 v.
629 1811 701 1853 28.
726 1807 778 1852 οὐ
797 1809 879 1879 γὰρ
903 1809 926 1852 ὁ
953 1809 996 1852 ἐν
1028 1812 1089 1866 τῷ
1122 1812 1298 1867 φανερῷ
1313 1807 1527 1861 Ἰουδαῖός
1554 1809 1674 1853 ἐστιν

196 1868 290 1911 sive
311 1867 458 1925 potius
480 1881 521 1911 v.
541 1881 582 1910 v.
601 1867 672 1910 29.
694 1862 785 1908 ἀλλ’
807 1863 830 1908 ὃ
851 1883 895 1908 εν
917 1868 978 1922 τῷ
999 1864 1404 1922 κρυπττῷἸουὸαῖνς
1434 1883 1527 1910 cum
1553 1881 1672 1912 voce.

195 1939 238 1969 v.
256 1925 326 1967 29.
347 1915 399 1966 οἷ)
420 1921 443 1965 ὃ
462 1920 646 1973 ἔπαινος
665 1921 742 1965 οὒκ
765 1921 811 1972 ἐξ
828 1918 1100 1977 ἀνθρώπιον,
1133 1922 1225 1965 ἀλλ’
1250 1922 1294 1965 ἐκ
1322 1926 1399 1965 τοῦ
1429 1926 1543 1966 θεοῦ
1569 1938 1673 1966 con-

195 1980 382 2024 sociavit
401 1980 444 2024 h.
468 1994 529 2024 r.:
559 1994 639 2022 non
656 1980 728 2037 qui
747 1980 940 2021 emerius
961 1980 1149 2022 Jealaens
1170 1984 1234 2021 est
1264 1984 1425 2036 (neque
1457 1995 1569 2038 quae
1596 1995 1672 2023 ex-

194 2037 360 2092 terius,
390 2037 433 2079 iu
453 2051 659 2094 corpore,
688 2036 826 2094 aspici
846 2040 1015 2093 potest,
1043 2037 1363 2089 circumcisio),
1403 2040 1477 2080 sed
1502 2038 1575 2095 qui
1603 2038 1672 2080 in-

194 2100 267 2138 tus
295 2094 481 2137 Jeulaeus
511 2099 574 2136 est
601 2097 667 2150 (et
694 2092 968 2135 circumcisio
996 2094 1128 2135 animi
1155 2108 1235 2151 per
1264 2095 1470 2151 spiritum
1503 2093 1673 2148 effecta,

194 2166 352 2195 nonfea
376 2151 638 2208 praecipue,
669 2165 798 2206 quam
820 2149 936 2205 legis
959 2152 1172 2208 seriptum
1203 2152 1437 2208 praecipit)
1467 2151 1610 2207 ntique
1635 2151 1673 2194 is

193 2214 283 2261 est,
323 2222 446 2264 quem
474 2209 593 2250 Deus
619 2208 692 2263 (de
719 2207 935 2249 hominnm
957 2206 1126 2263 judicio
1155 2208 1226 2249 hic
1256 2223 1337 2249 mm
1372 2209 1473 2262 ayo)
1502 2207 1670 2252 laudat.

195 2265 313 2308 Huic
343 2264 555 2317 consilio,
594 2271 642 2306 ut
672 2265 758 2306 alia
787 2269 978 2316 taceam,
1017 2269 1110 2306 tum
1143 2262 1261 2306 ἐστίν
1290 2278 1329 2308 v.
1358 2265 1434 2308 28.
1465 2265 1671 2321 positum,

197 2321 315 2378 quod
336 2336 375 2365 v.
396 2322 468 2366 29.
488 2327 589 2380 post
611 2319 824 2370 Ἰουδαῖος
854 2320 1158 2363 collocandum
1187 2321 1357 2373 suerat,
1388 2322 1549 2373 officit,
1577 2326 1670 2364 tuni

195 2378 309 2420 illud
327 2378 499 2431 obstat,
531 2376 648 2435 quod
670 2378 794 2421 Grot.
812 2391 852 2421 V.
871 2379 942 2421 29.
962 2377 1168 2432 γενομὲίἰ)
1190 2384 1290 2433 post
1310 2392 1350 2421 v.
1373 2376 1424 2420 οὐ
1448 2378 1672 2434 γράμμα-τι

194 2449 275 2493 per
296 2436 370 2477 elli
406 2436 475 2478 sin
496 2435 706 2477 omissum
726 2435 837 2476 male
856 2436 1040 2491 putavit.
1099 2434 1325 2492 Delapsus
1345 2441 1411 2476 est
1434 2435 1521 2477 vir
1551 2450 1667 2477 surii-

196 2507 292 2534 mus
315 2493 358 2534 iu
377 2451 461 2535 iioc
482 2491 861 2549 interpretationis
880 2498 1122 2532 monstrum
1143 2506 1217 2540 eo,
1258 2491 1373 2548 quod
1403 2507 1443 2536 v,
1471 2493 1542 2536 28.
1571 2506 1611 2534 v,
1642 2485 1666 2530 ὃ

196 2547 242 2596 ἐν
262 2550 323 2605 τῷ
345 2551 521 2604 φανερῷ
537 2545 748 2597 Ἰουδαῖος
765 2553 809 2590 et
829 2563 870 2592 v.
891 2550 962 2591 29.
995 2562 1113 2591 voce.
1144 2543 1167 2588 ὁ
1199 2547 1242 2589 ἐν
1270 2551 1333 2605 τῷ
1365 2551 1543 2605 κρυπτῷ
1559 2545 1667 2588 ’Iov-

195 2604 321 2656 ὁαῖος
342 2605 382 2646 in
404 2621 533 2647 uuam
552 2606 773 2647 notionem
793 2620 1021 2662 perper-‘tm
1051 2606 1290 2662 copulavit.
1350 2605 1498 2649 Ceteri
1527 2603 1667 2660 expli-

196 2666 368 2703 catores
389 2676 517 2717 quum
539 2677 604 2706 vs.
629 2662 700 2706 28.
722 2670 837 2703 recte
857 2662 1167 2720 exposuissent
1189 2677 1229 2706 ν.
1251 2664 1321 2706 29.
1342 2678 1393 2705 eo
1418 2665 1667 2721 peccarunt,

197 2717 315 2773 quod
335 2720 528 2770 neglecta
550 2719 763 2762 orationis
785 2720 1069 2761 conversione.
1092 2720 1133 2760 in
1158 2733 1197 2762 v,
1221 2721 1292 2760 καὶ
1315 2716 1529 2774 περιτομὴ
1554 2732 1665 2771 καρ-

197 2773 296 2823 diac
313 2773 357 2817 ἐν
376 2773 585 2824 πνεῖ-μαιι
604 2808 613 2820 .
650 2772 701 2818 m'»
722 2773 941 2830 γράμματι
967 2777 1064 2819 scil.
1089 2773 1227 2821 ε’σιίν,
1271 2775 1327 2816 ad
1361 2790 1399 2816 v.
1428 2776 1501 2816 mi
1532 2788 1666 2827 περι-

195 2830 308 2887 τομὴ
347 2830 531 2886 καρδίας
565 2833 795 2887 cogitando
823 2832 1081 2876 addiderunt
1114 2831 1414 2874 Praedicatum
1446 2829 1664 2886 περιτομή
