1752 3347
456 147 614 195 CAP.
645 146 707 194 V.
751 145 843 191 Vs.
879 146 1140 192 12.-14..
1436 145 1524 191 285

54 259 299 312 orationem
336 259 668 315 perverterunt,
710 255 778 299 vcl
821 255 1106 308 sententiam,
1154 253 1228 297 vel
1271 253 1526 310 utrumque.

53 317 204 367 Elsn„
229 315 389 370 Kopp„
419 314 561 358 Gmem.
583 314 642 357 al.
663 317 764 370 post
784 310 857 354 διὰ
874 312 1005 354 τοῦτο
1029 326 1052 353 c
1070 326 1112 355 v.
1130 310 1200 355 ll.
1217 310 1426 366 supplent
1447 308 1524 352 διὰ

55 374 136 416 τοῦ
155 374 205 413 X
232 372 357 414 ιστοῦ
374 373 447 413 νῦν
464 366 543 426 τήν
560 368 834 424 καταλλαγὴν
854 365 1069 420 ἐλάβομεν
1101 368 1223 424 (hinc
1253 380 1333 423 pcr
1351 366 1525 411 Christ.

55 443 170 472 nunc
191 386 279 470 fiai
301 427 443 482 gratia
464 426 592 468 nohis
615 429 743 483 parta
772 430 864 478 est,
895 425 1009 466 sicut
1036 439 1115 482 per
1143 437 1277 467 unum
1306 423 1527 466 hominem

55 483 290 530 Peccatum
320 484 366 524 in
387 481 593 524 mundum
624 481 777 538 pedem
804 482 956 523 intulit
985 483 1108 537 etc.).
1165 482 1234 524 At
1254 476 1296 522 Ῑ.
1329 495 1370 524 v.
1389 495 1431 524 V.
1454 481 1528 524 ll.

55 538 121 585 δι’
154 533 207 584 οὗ
234 539 309 581 νῦν
337 554 376 580 τ.
393 555 430 579 κ.
455 537 517 580 ἑλ.
547 536 850 593 secundariam
884 537 1125 593 quandam,
1153 552 1239 579 11011
1266 536 1527 591 primariam

55 595 318 641 sententiam
344 594 717 650 complectuntur:
756 591 825 636 II.
854 608 954 649 sqq.
980 594 1211 635 verborum
1243 592 1389 648 ὥςπερ
1407 618 1459 624 -
1481 608 1526 636 κ.

55 654 97 697 ὁ.
116 668 157 697 τ.
177 647 219 693 ἁ.
241 644 266 692 ὃ
287 648 486 698 θάνατος
513 662 655 704 neque
674 648 856 690 ubertas
887 663 1027 705 neque
1055 649 1276 692 sententia
1308 647 1364 690 ad
1391 648 1526 690 insti-

54 711 195 753 tutam
216 705 584 764 comparationem
612 704 724 746 satis
751 704 1061 762 responderet3
1091 706 1207 776 quod
1232 719 1360 748 secus
1386 709 1526 758 esset,

53 766 98 809 si
115 763 170 809 P.
191 762 471 820 scripsisset:
508 756 602 803 Διοὶ
620 762 754 803 τοῦτο
784 757 878 803 dcc?
901 761 1001 803 τοῦ
1031 758 1151 814 ὲνος
1178 761 1357 820 Ἰησοῦ
1385 764 1526 817 Χρι-

53 820 192 876 στοῦ
219 819 312 862 νῦν
339 818 434 875 τὴν
463 814 820 876 καταλλαγὴν
847 815 1146 870 ἐλάβομεν,
1174 816 1320 875 ὥςπερ
1341 814 1405 859 δι’
1427 815 1526 868 ἑνὸς

53 872 303 935 ἀνθρώπου
332 874 471 917 ποτὲ
502 868 530 932 ἢ
560 870 691 930 ὀργὴ
722 874 819 916 τοῦ
847 875 986 916 θεοῦ
1017 873 1094 916 ἐπὶ
1122 874 1225 924 τοὺς
1254 871 1525 931 ἀνθρώπους

53 932 311 988 ἐξεχύθη.
350 929 446 975 ΠΙ.
463 928 516 975 Ρ.
536 930 581 976 11.
604 929 875 975 LAdamum
895 931 1072 986 generis
1090 931 1270 973 humani
1289 936 1458 990 pestem
1480 933 1528 972 et

51 990 240 1034 exitium
262 1003 357 1031 cum
378 987 579 1041 Christo,
619 988 779 1030 salutis
808 993 985 1031 nostrae
1010 988 1294 1043 restitutore,
1321 991 1528 1030 accurate

51 1045 318 1090 contendere
334 1045 531 1089 voluisse
549 1044 594 1086 in
613 1051 792 1102 promtu
824 1049 893 1087 est
921 1046 984 1101 (v.
1001 1059 1044 1089 v.
1065 1045 1134 1089 18.
1156 1047 1265 1101 19.).
1324 1044 1457 1101 Quod
1474 1047 1527 1086 ut

51 1104 216 1147 factum
233 1118 334 1146 esse
350 1103 539 1145 lectores
550 1101 867 1156 intelligerent,
886 1101 1042 1144 saltem
1054 1103 1280 1145 eoeceranda
1294 1101 1473 1144 fuerunt
1482 1115 1529 1146 v.

52 1160 110 1203 ab
129 1160 222 1202 illis
243 1159 563 1217 interpretibus
583 1163 728 1200 mente
748 1158 931 1228 adspecta,
962 1160 1160 1201 oratione
1180 1157 1356 1215 quidem
1372 1158 1528 1216 paullo

52 1217 282 1260 immutata
298 1231 308 1259 :
339 1214 431 1258 Διὰ
442 1217 572 1257 τοῦτο
594 1230 616 1256 ν
629 1216 650 1256 ὗ
662 1208 774 1256 ν’ὂί
801 1233 822 1259 ε
834 1213 923 1265 νός
943 1213 1083 1272 ἀνθρ
1098 1211 1131 1256 ώ
1143 1230 1211 1257 πο
1225 1231 1251 1258 υ
1268 1215 1346 1271 τὴν
1358 1214 1528 1257 nawa-

51 1271 193 1330 λαγὴν
211 1270 427 1326 ἐλάβομεν
434 1303 447 1322 ,
477 1268 623 1327 ὥςπερ
642 1269 695 1313 δι’
717 1267 813 1322 ἑνὸς
835 1269 1082 1329 ἀνθρώπου
1115 1273 1253 1316 ποτὲ
1282 1267 1309 1328 ἢ
1328 1266 1528 1327 ἁμαρτία

52 1326 119 1380 εἷς
148 1328 225 1372 τὸν
253 1327 418 1382 κόσμον
448 1325 629 1384 εἶςῆλθε
658 1344 697 1368 κ.
716 1343 756 1371 τ.
775 1328 841 1383 λ.,
881 1343 1142 1385 quamquam
1175 1343 1229 1371 ne
1259 1329 1323 1371 sic
1348 1327 1528 1384 quidem

51 1386 284 1428 calamitas
307 1385 363 1428 ah
379 1384 557 1428 Adamo
579 1383 706 1425 nobis
731 1384 968 1443 importata
989 1386 1162 1428 Christi
1184 1385 1397 1427 beneficio
1421 1398 1528 1425 con-

52 1448 234 1500 grueret
253 1445 315 1500 (x
327 1442 498 1499 supra),
528 1454 640 1512 quae
663 1444 753 1483 tum
774 1443 1078 1499 quodammodo
1096 1443 1362 1495 conveniret,
1392 1454 1528 1497 quum

52 1514 135 1558 pro
154 1500 230 1541 καὶ
250 1496 391 1547 οὕτως
411 1521 464 1531 -—
486 1494 544 1553 ἐφ
577 1489 612 1553 ᾧ
633 1497 846 1554 scriptum
867 1503 1011 1542 esset:
1041 1492 1100 1548 ὃς
1129 1495 1172 1553 [ὅ
1193 1494 1407 1552 θάνατος]
1441 1493 1527 1546 εἷς

52 1552 274 1606 πάντας
311 1551 653 1609 ἀνθρώπους
691 1554 951 1619 ὁιῆλέζεν,
1004 1549 1095 1596 ὅτι
1124 1550 1287 1603 πάντες
1311 1551 1526 1609 ἥμαρτον.

51 1611 220 1655 Eodem
248 1612 506 1667 argumento
529 1608 717 1651 finitima
745 1610 904 1652 Stolzii
928 1610 988 1653 al.
1021 1610 1172 1666 opinio
1194 1609 1411 1663 concidit,
1448 1609 1529 1667 qui

55 1666 204 1725 ὥςπερ
242 1667 300 1711 ad
325 1666 582 1710 felicitatem
611 1679 692 1723 per
720 1664 945 1709 Christum
972 1666 1101 1708 nohis
1129 1671 1302 1724 partam
1331 1669 1394 1723 (V.
1413 1667 1525 1710 9.-

53 1725 151 1781 11.)
179 1725 224 1769 11.
242 1740 300 1769 m.
319 1724 610 1766 rettulerunt:
660 1722 809 1778 Quare
835 1737 913 1780 quo
943 1724 1063 1765 modo
1094 1723 1147 1780 (i.
1163 1730 1303 1768 efres
1325 1724 1390 1766 ita
1410 1737 1524 1765 com-

85 1786 214 1825 arata
233 1787 323 1835 est,
351 1785 401 1823 ut
419 1804 498 1824 —.
526 1781 583 1824 cf.
609 1778 665 1821 ad
683 1779 820 1824 Marc.
841 1778 1021 1837 p.587.)
1050 1795 1131 1838 per
1154 1795 1287 1822 unum
1302 1779 1527 1822 hominem

95 1842 288 1881 eccatum
306 1839 352 1880 in
373 1836 581 1879 mundum
608 1836 790 1879 intravit
816 1842 916 1882 etc..
974 1835 1093 1879 Nam
1123 1841 1172 1879 ut
1198 1838 1317 1879 laeta
1342 1851 1416 1879 res
1444 1851 1527 1894 per

51 1894 279 1940 Christum
317 1894 472 1937 effecta
506 1893 793 1935 tristissimae
830 1894 920 1947 rei,
966 1893 1095 1952 cujus
1127 1893 1330 1936 Adamas
1369 1898 1526 1935 auctor

48 1953 237 2006 fuisset,
263 1951 444 1993 fortiter
463 1950 561 1994 11.1.
580 1953 879 2006 opponeretur
911 1950 989 1991 illa
1017 1963 1104 1992 non
1136 1950 1322 1993 obscure
1352 1949 1529 2004 signifi-

51 2007 214 2062 canda,
254 2007 334 2049 sed
366 2006 532 2048 diserte
558 2005 934 2048 commemoranda
962 2010 1074 2053 erat.
1146 2004 1361 2049 Absurde
1392 2006 1527 2048 etiam

51 2065 322 2122 explicares:
357 2063 564 2120 quocirca
584 2067 790 2119 tauquam
805 2076 885 2117 per
905 2077 1036 2105 unum
1057 2063 1267 2106 hominem
1287 2061 1527 2105 Peccatum

48 2122 99 2164 in
119 2120 325 2163 mundum
344 2119 519 2163 introiit
535 2122 618 2162 etc.
631 2151 644 2171 ‚
671 2123 763 2161 tum
786 2118 901 2176 quod
921 2118 996 2160 διὰ
1014 2121 1146 2163 τοῦτο
1166 2118 1325 2171 idonea
1351 2120 1526 2161 ratione

51 2177 371 2220 destitueretur
384 2210 396 2231 ,
442 2182 534 2219 tum
573 2175 676 2232 quia
707 2190 818 2217 unus
847 2177 974 2218 homo
1008 2176 1216 2233 peccandi
1241 2176 1369 2219 initio
1406 2177 1525 2219 facto

50 2233 286 2278 Peccatum
310 2236 457 2291 utique
482 2234 526 2275 in
558 2231 763 2274 mundum
790 2232 1056 2277 introduxit.
1115 2233 1304 2276 Temere
1333 2234 1528 2286 Erasm„

51 2289 203 2344 Beza,
241 2292 474 2344 Vatablus,
503 2290 687 2333 Beneck.
712 2290 770 2333 al.
803 2289 1017 2348 apodosin
1042 2290 1188 2333 verbis
1219 2291 1313 2333 καὶ
1343 2288 1419 2331 διὰ
1444 2291 1525 2346 τῆς

53 2345 273 2403 ἁμαρτίας
301 2343 326 2390 ὃ
353 2346 550 2396 θάνατος
578 2344 749 2402 (Quare
782 2347 897 2389 sicut
925 2361 1005 2405 per
1023 2362 1155 2389 unum
1176 2347 1392 2388 hominem
1413 2344 1526 2388 Pec-

51 2407 199 2445 catum
225 2403 272 2446 in
299 2403 506 2446 mundum
532 2404 789 2459 ingressum*
811 2409 901 2458 est,
930 2405 994 2446 ita
1023 2405 1157 2446 etiam
1219 2419 1268 2446 er
1289 2402 1525 2446 Peccatum

52 2459 220 2514 Mors.)
249 2460 465 2502 contineri
491 2462 702 2518 putarunt
730 2461 786 2504 cl.
820 2461 916 2503 loco
944 2460 1153 2502 dissimili
1179 2460 1341 2504 matth.
1362 2462 1410 2513 6,
1434 2461 1525 2505 10..

52 2516 171 2560 Nam
190 2521 235 2558 et
251 2517 326 2559 διὰ
343 2517 474 2559 τοῦτο
495 2517 663 2559 nullam
690 2518 904 2560 rationem
923 2517 1127 2571 haberet,
1158 2521 1202 2559 et
1230 2517 1424 2574 ineptum
1454 2531 1526 2559 es·-

55 2577 126 2617 set
147 2571 213 2615 dc’
244 2569 369 2621 ἑνὸς
395 2570 698 2630 ἀνθρώπου
727 2572 826 2630 (διά
853 2575 953 2616 τοῦ
972 2571 1132 2628 Ἀδάμ
1162 2573 1387 2616 dicendum
1408 2574 1524 2616 fuis-

54 2631 144 2684 set)
173 2632 218 2671 et
237 2630 446 2687 perplexe
464 2627 518 2673 P.
538 2630 749 2685 loquutus
773 2634 916 2683 esset,
956 2645 1087 2685 quum
1115 2631 1345 2689 perspicue
1377 2630 1524 2673 dicere

53 2687 300 2746 potuisset:
340 2682 485 2742 ὥςπερ
516 2685 609 2727 διὰ
636 2686 734 2727 τοῦ
759 2682 925 2738 Ἀδὰμ
958 2686 983 2742 ἡ
1013 2682 1086 2740 ἄμ.
1117 2703 1152 2728 ε.
1172 2703 1210 2730 τ.
1234 2705 1271 2729 κ.
1299 2686 1520 2744 eigamma,

56 2741 199 2787 οὕτω
238 2743 328 2784 καὶ
367 2740 459 2783 διὰ
494 2743 588 2798 τῆς
625 2739 906 2797 ἁμαρτίας
944 2739 1121 2785 αὐτοῦ
1168 2746 1269 2800 (τοῦ
1294 2742 1459 2797 Ἀδὰμ)
1494 2739 1518 2784 ὃ

54 2796 251 2852 θάνατος
279 2794 433 2858 ἦλθε.
494 2797 698 2842 ceterum
720 2798 974 2871 ‘aestiferum
994 2798 1158 2844 Adami
1181 2802 1354 2847 facinus
1383 2799 1521 2846 saluti
