1752 3347
576 186 731 232 CAP.
772 187 809 229 1.
855 186 940 230 vs.
971 188 1012 229 8.
1476 181 1532 222 25

69 295 126 338 iis
145 293 200 336 ad
219 293 362 336 Deum
382 294 639 352 patefecerit
658 294 822 352 Ephes.
843 294 884 344 2,
899 295 966 338 18.
986 294 1027 346 3,
1040 292 1125 335 12..
1166 288 1392 332 Postremo
1403 289 1531 332 Rom.

67 353 109 405 8,
120 352 192 394 34
212 365 297 393 non
317 350 429 393 illud
446 352 707 404 affirmatur,
736 352 812 393 sed
832 352 910 394 hoc
930 349 1190 408 simpliciter
1208 347 1383 400 dicitur,
1402 360 1533 400 agere

69 408 295 454 Christum
317 409 359 450 in
383 410 502 450 coelo
522 424 699 451 suorum
721 408 939 451 hominum
959 421 1134 449 eausam
1152 411 1357 460 tanquam
1387 407 1533 460 patro-

71 481 189 510 num.
251 465 311 507 Ut
329 466 513 508 aliorum
534 467 820 523 interpretum
841 466 1024 507 consilia
1043 470 1206 506 taceam
1236 461 1378 502 minus
1403 459 1534 501 etiam

72 522 353 580 plausibilia,
381 523 652 579 hoe-moneo,
681 522 894 580 duplicem
921 522 1049 579 hujus
1065 522 1096 565 l,
1117 517 1379 577 expediendi
1398 516 1535 558 ratio-

71 594 168 621 nem
197 583 364 636 patere.
423 579 537 620 Nam
563 580 732 635 yratias
759 594 836 635 ayo
865 580 957 621 Deo
974 574 1073 620 'neco
1099 592 1192 632 per
1219 575 1250 616 J
1256 590 1343 617 esu
1356 589 1397 615 m
1423 573 1536 615 Chr.

72 635 186 678 idem
204 649 305 677 esse
321 638 467 692 potest
486 635 625 690 quod:
651 637 818 690 qratias
837 649 914 690 ayo
926 637 1017 676 Deo
1036 649 1125 676 meo
1141 635 1242 685 leoc,
1264 631 1391 689 quod
1413 630 1447 672 J
1448 643 1539 672 esu

72 692 183 736 Gkr.
201 691 447 747 (doctrinae
464 691 551 735 div.
574 692 811 748 interpreti
832 697 875 732 et
894 685 1541 739 felicitatisaeternaeauctori)

69 750 286 805 qratias
315 761 424 802 ayo.
483 746 639 790 Potest
656 762 759 790 vero
780 748 910 789 etiam
928 748 1098 801 yrate'ccs
1117 762 1194 801 ayo
1219 748 1308 788 Deo
1333 758 1423 786 meo
1447 756 1540 798 per

74 805 252 847 Jesum
281 804 393 848 Chr.
420 802 535 846 idern
562 805 736 858 valere,
774 803 891 861 quod
916 817 1011 858 per
1040 802 1304 844 Christum
1331 800 1542 858 factum

73 864 175 914 est,
206 865 255 903 ut
271 861 443 917 qratias
461 876 571 904 ηιιιιο
588 862 682 904 Deo
701 876 791 904 meo
809 874 937 916 aqam
967 874 1003 902 S.
1027 859 1198 914 yratt‘as
1224 873 1302 913 ayo
1330 858 1424 899 Deo
1452 869 1542 897 meo

74 917 200 960 Jesu
229 915 340 962 Chr.
372 916 657 975 beneficio,
714 917 890 960 Etenim
918 931 1049 972 quum
1078 914 1434 973 praeclarissima
1453 911 1544 954 Dei

73 988 253 1016 munera
273 979 318 1017 et
334 973 545 1017 beneficia
561 989 640 1031 per
658 974 870 1018 Christum
891 972 1142 1015 hominibus
1166 971 1319 1013 christ.
1351 970 1545 1023 contige-

75 1031 166 1073 rint
187 1031 367 1089 [EpheS.
389 1031 518 1087 1,5.]‚
539 1037 724 1089 apparet
743 1047 840 1074 eum
862 1031 995 1073 etiam
1013 1028 1206 1081 laudum,
1229 1027 1387 1084 quibus
1400 1026 1546 1068 Deum

76 1087 132 1130 ob
159 1087 240 1130 illa
268 1088 480 1131 beneficia
507 1090 754 1143 celebrent,
791 1093 1015 1130 auctorem
1043 1091 1160 1128 recte
1188 1083 1418 1127 informari
1444 1097 1547 1140 pro-

75 1149 251 1203 pterea,
283 1143 401 1201 quod
420 1146 510 1188 nisi
531 1161 577 1188 se
601 1145 809 1189 Christus
826 1144 1169 1202 interposuisset
1187 1142 1245 1185 iis
1276 1139 1547 1183 ornamentis

78 1201 450 1256 destituerentur,
479 1217 559 1261 pro
581 1203 740 1260 quibus
769 1217 881 1244 nunc
911 1201 1078 1258 gratias
1098 1200 1195 1243 Deo
1224 1196 1419 1254 agendas
1447 1210 1547 1238 cen-

80 1263 221 1310 seant.
288 1258 415 1301 Hane
442 1261 816 1317 explanationem,
855 1273 982 1315 quam
1012 1257 1153 1316 priori
1180 1261 1423 1312 antepono,
1460 1252 1550 1311 jam

79 1315 213 1358 habet
231 1314 531 1360 Oecumem’us:
561 1316 635 1358 διὰ
650 1314 794 1371 Ἰησοῦ
814 1318 898 1372 Χρ.
923 1318 992 1369 -]
1025 1311 1158 1364 αὐτὸς
1174 1311 1257 1369 γὰρ
1279 1313 1380 1368 ἡμῖν
1406 1302 1549 1359 αἴτιος

81 1373 159 1428 τῆς
180 1370 246 1421 εἷς
265 1371 341 1413 τὸν
369 1373 543 1430 πατέρα
573 1371 849 1429 εὐεργεσίας,
892 1368 915 1414 ὃ
943 1372 1016 1413 καί
1046 1365 1406 1425 προςλαβόμενος
1436 1363 1551 1422 ἡμᾶς

83 1429 234 1483 καὶτῷ
256 1425 357 1483 ἰδίῳ
377 1426 531 1481 αἵματι
550 1428 664 1483 πρὸς
687 1428 851 1472 ἐκεῖνον
881 1426 1168 1477 καταλλάξας.
1230 1423 1453 1479 Quidnam
1484 1421 1551 1463 in—

83 1485 143 1527 sit
161 1485 309 1528 verhis
328 1483 776 1541 διὰἸησοῦΧριστοῦ,
793 1501 877 1527 non
899 1490 989 1527 tum
1009 1484 1139 1526 facile
1158 1482 1399 1536 intelligas,
1419 1493 1552 1535 quum

84 1541 295 1584 vocabula
315 1542 519 1596 ambigua
541 1547 711 1584 tantum
740 1541 786 1582 in
814 1542 1001 1605 latinum
1031 1554 1275 1582 sermonem
1307 1540 1553 1587 convertas,

83 1597 165 1648 sed
185 1612 316 1655 quum
334 1599 416 1640 tali
433 1600 525 1642 fere
544 1599 967 1655 circumloquutione
987 1597 1152 1640 utaris:
1180 1595 1347 1651 yrccticcs
1362 1607 1441 1648 ayo
1462 1593 1554 1635 Deo

85 1669 199 1709 meo,
228 1669 356 1712 qaum
375 1655 531 1698 Jesus
552 1655 665 1700 clar.
684 1657 882 1710 optime
899 1655 958 1697 de
981 1667 1176 1711 yenere
1203 1651 1430 1695 humano
1457 1662 1554 1690 me-

85 1712 290 1766 ruerit,
316 1738 386 1759 -.
459 1713 589 1757 Rom.
616 1713 742 1766 7‚25.
771 1709 1031 1769 Εὐχαριστῶ
1067 1709 1129 1766 τῷ
1167 1708 1263 1765 θεῷ
1303 1704 1379 1749 διὰ
1411 1702 1557 1764 Ἰησοῇῦ

87 1771 174 1823 Xo-
191 1794 261 1814 —-.
297 1769 468 1826 qratias
494 1771 589 1814 Deo
615 1784 694 1826 ayo
719 1784 818 1825 per
845 1770 1023 1811 Jesum
1050 1765 1162 1810 Chr.
1190 1765 1234 1808 h.
1266 1779 1305 1807 e.
1335 1776 1486 1819 qmcm
1509 1760 1557 1808 ,J-

90 1825 203 1871 Chr.
234 1826 460 1882 benique
485 1841 539 1870 se
556 1825 957 1882 interposuerit
974 1824 1007 1868 i.
1029 1838 1072 1880 q.
1091 1827 1139 1865 ut
1160 1823 1252 1865 Deo
1265 1825 1413 1877 yrates
1430 1831 1560 1873 aqam

89 1881 247 1926 Christi
264 1881 459 1937 beneficio
477 1882 646 1941 factum
663 1889 742 1928 est.
781 1879 883 1926 Huc
893 1881 1025 1924 etiam
1036 1879 1258 1938 pertinere
1272 1877 1368 1921 Col.
1379 1876 1492 1928 3,l7.
1504 1898 1560 1905 -—

90 1937 447 1996 εὐχαριστοῦντες
473 1942 534 1996 τῷ
556 1941 654 1995 θεῷ
683 1941 758 1982 καὶ
785 1938 924 1994 πατρὶ
952 1934 1019 1980 δι’
1054 1933 1223 1978 αὐτοῦ
1255 1934 1446 1990 [Ἰησοῦ].
1479 1945 1559 1988 pro

91 2000 210 2040 certo
229 1996 452 2038 affirmare
471 2011 556 2038 non
576 1996 731 2040 audeo.
774 1995 891 2039 Nam
910 1995 1017 2036 licet
1036 1993 1169 2036 etiam
1189 1991 1406 2049 explicare
1428 2002 1560 2044 quum

92 2054 137 2098 h.
157 2068 239 2098 m.:
265 2053 435 2110 qratias
451 2054 562 2098 Deo
580 2059 753 2110 ayentes
770 2058 856 2109 etp
869 2067 891 2095 e
904 2067 927 2095 r
947 2052 1126 2094 Jesum
1149 2047 1328 2105 patri,
1360 2051 1452 2087 tum
1474 2044 1561 2088 ita:

93 2110 263 2167 qratia-s·
280 2110 374 2153 Deo
402 2115 446 2153 et
470 2111 591 2166 patri
614 2114 786 2167 ayentes
809 2123 906 2166 per
934 2109 1137 2159 Jesum,
1175 2105 1273 2148 scil.
1302 2102 1373 2160 qui
1399 2102 1444 2143 id
1464 2097 1564 2154 fieri

96 2167 206 2220 vetit,
236 2172 286 2209 ut
315 2166 376 2208 sit
403 2164 464 2208 δι’
487 2163 622 2209 αὐτοῦ
653 2167 685 2211 i.
717 2181 760 2222 q.
789 2165 834 2209 ἐν
859 2163 1044 2217 ὀνόματι
1070 2161 1206 2206 αὐτοῦ
1231 2161 1269 2203 Ε
1302 2161 1396 2201 hes.
1422 2157 1562 2210 5‚20..

97 2222 173 2265 Sic
195 2225 218 2265 l
238 2222 400 2266 Thess.
418 2223 462 2278 4,
472 2224 516 2267 2.
535 2221 836 2279 παραγγελίας
854 2220 1028 2264 διδόναι
1048 2221 1135 2262 τινὶ
1165 2219 1214 2260 ὁι
1227 2216 1253 2259 ἀ
1274 2216 1411 2271 Inoo&
1439 2228 1562 2257 man-

97 2280 204 2322 data
221 2280 350 2322 alicui
366 2281 471 2323 dare
489 2294 582 2336 per
602 2280 746 2323 Jesum
764 2279 861 2322 scil.
887 2279 963 2335 qui
984 2277 1090 2319 haec
1115 2273 1319 2317 mandata
1347 2270 1445 2312 dari
1469 2270 1564 2330 jus-

101 2336 236 2389 serit,
264 2335 379 2378 idem
397 2343 491 2391 est,
522 2336 597 2395 qui
628 2335 753 2393 quod
771 2337 799 2378 2
818 2335 982 2378 Thess.
1002 2334 1044 2385 3,
1055 2334 1098 2376 6.
1126 2327 1447 2387 παραγγέλλειν
1477 2324 1565 2368 τινί

101 2408 146 2435 τι
173 2390 227 2435 ἐν
255 2387 674 2449 ὀνόματιἸησοῦ
694 2395 788 2449 Χρ.
810 2393 852 2436 J.
882 2389 1085 2434 Christi
1112 2384 1455 2431 auctoritate
1481 2382 1564 2425 ali-

102 2449 171 2492 cui
196 2447 358 2505 aliquid
380 2449 618 2505 injzmyere.
676 2447 815 2506 ὑπὲρ
845 2445 1022 2490 πάντων
1049 2443 1186 2498 ὑμῶν]
1224 2443 1288 2485 Α.
1318 2439 1372 2483 Β.
1392 2439 1442 2483 C.
1462 2438 1563 2482 DJ*

80 2524 84 2527 ·
104 2506 164 2550 al.
183 2505 398 2564 praebent
417 2507 545 2562 περὶ
561 2505 737 2549 πάντων
751 2504 870 2558 ὑμῶν
900 2504 953 2560 (i.
977 2518 1016 2545 e.
1043 2500 1210 2557 gratias
1239 2512 1321 2554 ago
1341 2496 1439 2539 Deo
1465 2510 1564 2552 pro-

104 2566 202 2619 pter
219 2576 296 2605 vos
317 2576 489 2615 omnes,
519 2561 723 2619 quoniam
739 2562 941 2604 nimirum
962 2558 1071 2601 fides
1090 2561 1237 2599 vestra
1255 2555 1302 2597 in
1331 2568 1406 2596 ore
1428 2557 1498 2595 est
1517 2558 1566 2594 et

105 2633 306 2667 sermone
347 2618 553 2663 omnium.
597 2619 653 2662 cf.
693 2621 717 2660 1
749 2618 851 2661 Cor.
883 2616 977 2668 l‚4.
1017 2618 1040 2656 l
1067 2613 1231 2657 Thess
1263 2611 1354 2665 1‚2.
1385 2610 1426 2663 2,
1441 2609 1509 2653 13.
1537 2609 1567 2650 2

106 2675 273 2727 Thess.
299 2675 389 2729 1‚3.
408 2676 450 2729 2,
464 2674 568 2729 13.),
597 2673 713 2731 quod
734 2673 787 2716 de
805 2673 989 2715 meliore
1011 2670 1111 2713 nota
1127 2685 1151 2712 a
1163 2666 1434 2713 Griesbachio
1451 2681 1567 2708 com-

109 2733 357 2777 mendatum
379 2745 516 2790 nuper
535 2731 701 2789 recepit
719 2730 1039 2774 Lackmmmus.
1099 2725 1187 2769 Sed
1204 2740 1336 2792 quum
1356 2724 1401 2767 in
1429 2723 1566 2765 omni-

110 2790 193 2834 bus
220 2790 466 2849 promiscue
497 2787 635 2831 Codd.
664 2783 777 2842 ὑπέρ
806 2790 851 2829 et
875 2783 980 2839 περί
1006 2782 1359 2826 constantissime
1379 2780 1566 2822 >confun-

112 2845 296 2900 dantur,
323 2841 438 2902 ὑπέρ
457 2849 601 2890 autem
631 2844 675 2888 in
701 2843 779 2886 hoc
805 2856 963 2898 genere
991 2841 1137 2884 rarius
1167 2844 1356 2899 ponatur
1385 2837 1566 2894 [Ephes-
