1752 3347
232 132 321 176 346
517 124 907 170 EPISTOLA
938 125 1042 169 AD
1072 123 1440 172 ROMANOS

230 237 385 280 cistere
415 245 552 291 quam
579 230 731 289 faeere
757 233 827 275 vel
884 237 1089 290 ropterea
1117 236 1292 276 vertere
1322 234 1464 286 malo,
1495 235 1610 289 quod
1629 252 1712 278 κα-

228 290 423 346 θίστημι
443 303 664 344 nusquam
685 288 730 331 in
750 288 812 334 N.
880 322 891 334 .
913 290 1096 332 sistendi
1115 290 1293 332 notione
1313 289 1515 348 deposita
1539 293 1713 335 reddere

228 347 452 403 designat.
519 344 766 404 lPerperam
797 347 911 389 enim
941 348 985 389 in
1015 347 1126 388 haue
1156 361 1247 390 rem
1272 347 1399 389 multi
1418 347 1446 388 2
1466 344 1588 390 Petr.
1610 348 1649 399 l,
1667 349 1712 393 8.

230 404 328 450 Jac.
346 405 389 457 3,
408 406 451 447 6.
481 403 526 458 4,
550 403 596 446 4.
621 405 885 449 attulerunt.
944 403 1014 448 Cf.
1043 404 1176 447 etiam
1209 403 1455 461 παρίστημι
1481 405 1590 447 Act.
1611 406 1650 457 l,
1667 405 1711 450 3.

228 462 361 506 Rom.
379 463 422 517 6,
443 461 512 504 13.
547 460 645 504 Col.
669 462 706 513 l,
730 461 820 506 22..

341 517 404 562 V.
425 518 497 561 20.
519 517 596 561 21.
643 516 765 560 Haec
803 524 892 560 tam
934 521 1060 560 acuta
1090 516 1222 560 Pauli
1253 517 1307 560 (le
1338 517 1515 561 Adamo
1555 517 1711 559 mortis

226 580 408 619 auctore
435 580 479 618 et
497 575 681 618 Christo
711 577 828 618 vitae
853 576 1114 618 restitutore
1144 574 1389 633 disputatio
1421 589 1462 618 ν.
1493 575 1709 618 12.-19.

225 632 393 676 nemini
417 637 568 674 tamen
599 632 903 686 satisfaceret,
934 633 973 674 si
992 634 1088 691 Ap.
1116 633 1230 688 legis
1257 647 1366 676 mos.
1395 632 1481 675 vim
1511 638 1554 673 et
1583 646 1709 674 usum

223 691 378 750 paucis
405 689 639 731 declarare
669 689 1012 747 supersedisset.
1079 690 1298 747 Alioquin
1320 690 1390 731 hic
1411 688 1616 731 cordatos
1645 689 1708 730 le-

224 754 372 790 ctores
394 747 634 805 scrupulus
658 752 898 804 pungeret:
927 747 966 789 si
987 747 1113 789 Deus
1135 747 1358 798 instituit,
1390 752 1437 788 ut
1467 761 1558 788 rem
1580 744 1709 788 Ada-

223 805 286 847 mi
306 804 502 846 facinore
525 803 732 846 amissam
754 804 945 847 Christus
961 805 1115 859 generi
1133 804 1322 846 humano
1351 810 1602 860 repararet,
1629 816 1708 844 cur

222 861 400 904 tandem
421 862 548 915 leges
567 860 695 903 Deus
717 875 796 918 per
813 860 969 904 Mosen
996 856 1212 919 scripsit?
1269 858 1384 902 Nam
1415 860 1455 901 si
1476 859 1601 902 Deus
1629 858 1708 902 ‹la-

220 933 371 962 mnum
407 917 580 960 Adami
619 918 748 975 culpa
780 924 1009 976 acceptum
1044 933 1125 974 per
1161 917 1379 960 Christum
1422 931 1707 974 compensare

218 980 466 1030 statuerat,
516 980 568 1017 ut
601 975 780 1034 jactura
815 991 897 1034 per
931 974 1153 1019 Adamum
1193 978 1372 1031 accepta
1412 974 1707 1016 resarciretur

219 1034 418 1077 Christus
453 1033 599 1090 primo
638 1047 813 1090 quoque
855 1038 1054 1090 tempore
1083 1031 1299 1073 divinitus
1331 1030 1569 1072 mittendus
1608 1036 1706 1073 erat

217 1105 366 1148 neque
385 1092 501 1132 ratio
524 1095 737 1147 apparet,
767 1104 845 1131 cur
863 1089 1015 1131 Moses
1034 1093 1162 1130 antea
1180 1088 1355 1143 legatus
1385 1088 1471 1141 sit,
1504 1088 1580 1145 qui
1614 1086 1703 1132 div.

216 1149 342 1204 leges
363 1148 686 1206 promulgaret.
743 1145 903 1203 ltaque
926 1145 979 1189 P.
999 1146 1141 1200 legem
1172 1160 1282 1189 mos,
1312 1146 1391 1187 hoc
1424 1145 1610 1188 consilio
1637 1146 1703 1187 la-

214 1211 308 1248 tam
329 1220 429 1248 esse
452 1204 684 1258 observat,
715 1209 764 1246 ut
795 1203 1106 1261 multiplicatis
1136 1217 1216 1260 per
1243 1217 1337 1244 eam
1369 1203 1562 1260 peccatis
1592 1202 1702 1244 mul-

206 1267 360 1306 «iorum
382 1267 661 1320 peccatorum
681 1261 809 1303 venia
828 1276 909 1318 per
929 1261 1154 1304 Christum
1176 1259 1272 1301 dari
1295 1266 1472 1317 posset,
1505 1258 1701 1316 quando-

214 1318 397 1377 quidem
426 1319 587 1374 amplis
616 1319 780 1360 finibus
808 1323 901 1360 tum
931 1317 1192 1360 delictorum
1223 1319 1467 1374 mortisque
1487 1323 1578 1358 tum
1602 1331 1700 1374 pec-

214 1382 415 1419 catorum
436 1375 719 1433 impunitatis
741 1380 786 1418 et
805 1376 921 1418 vitae
941 1375 1237 1432 sempiternae
1261 1389 1443 1429 regnum
1464 1374 1589 1416 Deus
1610 1379 1702 1415 ter-

214 1434 434 1476 minasset
459 1447 502 1476 v.
522 1434 594 1477 20.
618 1434 710 1477 21..
769 1432 867 1489 Qua
899 1432 1068 1492 adjecta
1102 1432 1319 1474 sententia
1351 1437 1395 1473 et
1422 1431 1489 1473 illi
1522 1431 1700 1472 dubita-

212 1491 329 1534 fioni
348 1492 444 1549 Ap.
465 1491 657 1532 occurrst
679 1495 724 1532 et
745 1491 927 1548 pietatis
948 1504 1124 1532 sensum
1147 1489 1190 1530 in
1210 1489 1450 1530 lectoribus
1473 1489 1698 1540 excitavit,

214 1563 350 1606 quum
381 1548 525 1590 omnia
552 1548 736 1589 consilia
760 1547 906 1589 Deum
936 1562 986 1588 eo
1016 1546 1237 1587 direxisse
1262 1546 1502 1599 legissent,
1534 1552 1578 1586 ut
1600 1546 1696 1586 vul-

212 1619 299 1647 nus
334 1620 415 1663 per
444 1603 670 1647 Adamum
710 1609 934 1661 acceptum
975 1618 1061 1660 quo
1091 1610 1288 1660 tempore
1323 1602 1410 1646 div.
1451 1603 1696 1659 sapientiae

213 1662 415 1704 rationes
435 1663 739 1719 postulassent
758 1676 838 1718 per
859 1660 1084 1704 Christum
1115 1667 1360 1703 curaretur.
1392 1685 1448 1690 -—
1505 1674 1696 1714 παρεις-

212 1719 373 1776 ἦλθεν]
420 1718 480 1761 lt.
508 1719 643 1771 Vulg.
684 1717 1030 1771 „snbi111rm-it,''
1070 1717 1329 1773 quibuscum
1368 1717 1473 1758 fecit
1511 1717 1694 1760 semler.

219 1776 290 1819 Cf.
316 1773 696 1830 παρειςέρχεσῧαι
725 1776 838 1816 elam
867 1775 1055 1829 irrepere
1078 1774 1236 1830 Polyb.
1259 1776 1298 1826 1,
1317 1775 1359 1826 7,
1378 1773 1422 1817 3.
1456 1775 1494 1825 l,
1517 1774 1558 1819 8,
1577 1773 1620 1815 4.
1651 1773 1693 1824 2,

212 1833 340 1886 55‚3.
373 1831 608 1885 Ga1.2‚4.,
638 1831 1142 1888 συμπαρειςέρχεσθαι
1164 1846 1247 1872 una
1266 1832 1376 1872 clam
1400 1831 1564 1885 inyredi
1582 1830 1692 1874 Luc.

214 1891 338 1933 Tim.
369 1904 407 1934 c.
427 1889 524 1942 28„
567 1887 643 1929 ubi
683 1887 933 1944 praeverbii
973 1883 1098 1938 παρά
1137 1888 1258 1928 notio
1289 1885 1438 1928 addito
1471 1901 1511 1930 ν.
1539 1885 1694 1927 λαθών

214 1947 412 2001 acuitur,
462 1941 938 2001 παρειςπορεύεσῦαι
969 1944 998 1986 2
1023 1942 1163 1987 Maec.
1197 1944 1249 1995 8,
1283 1945 1347 1996 1.,
1407 1939 1693 1998 stupeas-cisti»

215 2005 329 2048 elam
349 2003 620 2046 introducere
642 2002 672 2042 2
692 1999 816 2044 Petr.
838 2001 881 2054 2,
903 2003 967 2055 l.‚
997 2016 1031 2043 π
1046 2000 1386 2056 αρειςττέμπειι·
1415 1999 1526 2042 clam
1556 2000 1691 2042 iutro-

213 2063 389 2105 mittere
414 2059 599 2117 Joseph.
629 2059 683 2102 Β.
706 2057 749 2103 J.
771 2058 822 2111 5,
843 2058 893 2111 3,
918 2060 975 2102 l..
1045 2059 1114 2101 At
1139 2072 1223 2100 non
1254 2058 1429 2112 irrepsit
1463 2057 1534 2098 lex
1565 2071 1692 2109 moS.‚

210 2118 390 2178 publice
421 2117 577 2172 magna
609 2131 704 2158 cum
733 2117 889 2173 pompa
917 2130 994 2157 nee
1021 2116 1117 2157 sine
1145 2114 1296 2156 multis
1315 2114 1595 2155 caerimoniis
1618 2129 1690 2155 ro-

212 2181 315 2231 gata
337 2179 382 2218 et
399 2179 575 2231 accepta
597 2173 762 2230 (Exod.
783 2188 820 2216 c.
837 2174 988 2216 19.20.
1010 2172 1246 2225 Gal.3,19.
1267 2172 1323 2215 cf.
1343 2171 1504 2226 ΒΘΖ-(ε).
1546 2171 1689 2213 Dein-

211 2231 266 2276 de
296 2233 473 2276 etiamsi
492 2232 544 2276 P.
575 2232 718 2287 legem
747 2245 857 2273 mos.
885 2230 1219 2273 contemsisset..
1255 2244 1384 2286 quam
1413 2233 1532 2270 certe
1556 2234 1602 2270 ut
1623 2227 1690 2270 di-

208 2292 354 2335 vinam
380 2289 624 2332 admiratus
648 2294 739 2342 est,
769 2288 848 2330 hoc
868 2292 1013 2330 tamen
1037 2288 1069 2331 l.
1092 2285 1301 2329 invidiam
1324 2286 1390 2327 illi
1413 2286 1501 2340 legi
1523 2291 1688 2328 temere

209 2349 508 2401 conflavisset,
538 2346 613 2389 ubi
635 2361 727 2387 cam
751 2345 938 2400 sapienti
960 2345 1158 2387 instincto
1178 2343 1389 2386 divinitus
1409 2343 1551 2385 datam
1574 2358 1688 2397 esse,

210 2406 255 2448 h.
276 2421 315 2450 e.
337 2411 387 2448 ut
405 2420 546 2461 genus
568 2405 803 2446 humanum
825 2401 879 2443 ad
906 2401 1163 2460 potiundam
1194 2407 1472 2459 peccatorum
1499 2401 1686 2458 impuni-

211 2469 345 2507 tatem
373 2468 418 2506 et
444 2464 577 2506 vitam
605 2468 828 2503 aeternam
866 2465 1171 2518 praemuniret,
1219 2458 1452 2501 ostendere
1488 2457 1682 2501 deberet.

211 2519 328 2563 Nam
350 2535 430 2575 per
453 2518 797 2576 prosopopoeiam
819 2516 871 2561 P.
896 2518 1024 2573 leqem
1047 2532 1151 2559 mos.
1183 2523 1227 2558 ut
1250 2531 1416 2557 summa
1439 2524 1555 2557 esset
1587 2529 1680 2572 pec-

210 2581 408 2618 catorum
440 2578 563 2635 copia
606 2574 1019 2631 παρειςελθεῖν
1056 2573 1191 2625 dixit,
1230 2574 1314 2630 qua
1346 2572 1540 2614 detracta
1574 2573 1679 2614 hacc

211 2634 429 2676 sententia
463 2635 772 2690 rellinquitur:
811 2631 1025 2673 divinitus
1053 2632 1140 2672 lata
1175 2638 1244 2673 est
1274 2632 1343 2672 lex
1369 2646 1503 2682 mos.‚
1536 2636 1579 2671 ut
1602 2652 1678 2670 -.

210 2691 315 2734 Non
346 2692 510 2732 rectius
540 2691 617 2734 alii
652 2689 953 2744 παρειςῆλῦεν
982 2694 1158 2731 vertunt
1193 2689 1351 2739 obiter,
1379 2688 1408 2730 i.
1429 2705 1468 2731 e.
1497 2687 1554 2729 ud
1574 2691 1677 2727 {em-

210 2763 314 2803 pns,
362 2747 542 2790 intravit
583 2747 778 2802 (Chr-ys„
831 2745 1082 2801 Theophyl..
1124 2746 1289 2788 ‹un-nel.
1321 2760 1346 2786 a
1379 2743 1548 2798 Lape'dr
1579 2742 1676 2789 aL).

209 2807 485 2863 Quamquam
505 2804 617 2848 enim
641 2804 906 2862 interpretes
931 2804 976 2846 in
997 2818 1038 2849 v.
1057 2818 1110 2845 ex
1143 2802 1258 2846 binis
1281 2798 1678 2859 praepositionibus
