1752 3347
217 249 277 280 XX

661 224 1244 274 PROLEGOMENA.

224 342 329 394 quod
357 353 409 382 ex
437 338 530 393 ipsa
557 338 606 381 Ρ.
635 337 810 390 epistola
839 341 946 375 recte
974 332 1202 386 colligatur.
1268 330 1420 374 Christi
1449 332 1693 385 Apostolum

224 406 375 440 coetum
395 409 606 437 romanum
633 409 713 434 non
739 392 956 443 collegisse
974 405 1026 431 ex
1048 405 1093 430 eo
1118 391 1269 442 elucet,
1312 389 1418 441 quod
1446 388 1516 439 P.,
1555 390 1624 441 qui
1651 389 1693 428 in

224 456 474 508 collegarum
495 451 728 506 provincias
751 463 793 489 se
820 448 1006 488 invadere
1037 447 1199 499 negavit
1224 447 1342 489 Rom.
1362 446 1430 496 15,
1450 444 1520 486 20.
1548 446 1577 486 2
1595 446 1694 488 Cor.

224 513 298 566 10,
318 514 387 556 15.
416 519 453 553 et
471 524 543 564 per
563 509 700 550 literas
718 507 925 548 Romanos
942 503 1357 546 commonefaciendus
1383 502 1534 556 putavit
1553 508 1591 543 et
1608 503 1696 544 Ro-

313 695 468 729 Bomam
484 690 709 732 mitteretur,
740 688 917 723 memoria
937 690 1234 722 conservaretur.
1279 689 1352 722 Sed
1377 689 1419 721 ut
1440 687 1487 721 ad
1504 685 1701 721 Eusebium

315 741 507 782 revertar,
538 746 672 779 vagam
690 737 749 770 ille
769 746 809 769 se
832 736 968 769 famam
986 736 1171 769 rettulisse
1190 737 1281 769 adeo
1296 735 1409 768 sensit
1429 734 1526 776 ipse,
1550 742 1629 766 eam
1647 736 1700 776 ut,

314 788 438 826 inepte
455 785 609 826 quidem,
628 784 729 816 Pauli
747 782 834 815 locis
857 785 878 815 2
897 783 986 815 Tim.
1005 782 1105 824 4,16.
1117 801 1163 806 —-
1175 783 1229 816 18.
1254 784 1310 815 11.
1328 789 1365 814 et.
1381 784 1415 814 6.
1429 803 1439 820 ,
1470 781 1611 821 alioque
1628 779 1700 812 im·-

316 832 458 876 hecillo‚
475 830 639 864 velnullo
649 831 779 873 potius,
796 834 1008 870 argumento
1024 829 1326 862 corroborandam
1345 836 1428 860 esse
1441 828 1700 859 arbitraretur.

314 880 420 914 Unde
435 885 543 920 quam
564 876 730 917 impugno
746 876 883 918 opinio,
907 875 977 907 nisi
993 882 1120 907 veram
1138 884 1218 907 esse
1237 884 1281 907 ex
1299 872 1380 915 ipso
1399 875 1439 907 P.
1459 873 1601 906 ostendi
1621 879 1701 912 pot-

317 932 396 965 est,
417 923 643 965 antiquitatis
659 923 728 955 fide
745 921 922 954 destituta
938 923 995 954 est
1012 924 1185 962 patetque
1208 924 1230 954 2
1247 922 1337 954 Tim.
1360 929 1390 953 c.
1410 919 1444 953 4.
1468 928 1575 952 secus
1593 919 1701 951 intel-

317 973 452 1006 lectum
469 969 624 1012 recisse,
654 974 695 1000 ut
715 969 995 1009 excogitaretur.
1043 969 1154 1009 Atqui
1178 968 1332 1008 epistola
1355 967 1538 1007 posterior
1565 965 1613 998 ad
1637 965 1702 997 Ti-

317 1019 520 1059 motheum,
561 1023 668 1056 quam
693 1022 716 1046 a
738 1015 849 1047 Paulo
873 1022 945 1047 non
969 1011 1207 1056 abjudicahit,
1247 1014 1307 1055 qui
1331 1012 1413 1057 ejus
1436 1013 1704 1053 eloquutionem

315 1065 410 1099 satis
424 1061 592 1105 noverit,
621 1069 693 1094 non
708 1060 826 1093 miuus
845 1068 952 1100 quam
970 1061 1145 1100 epistolae
1170 1061 1218 1092 ad
1234 1062 1429 1102 EphesioS,
1451 1060 1705 1100 Colossenses,

317 1110 568 1151 Philippenses
586 1108 622 1140 et
635 1107 877 1140 Philemonem
897 1113 971 1138 tum
986 1107 1127 1138 Romae
1145 1114 1168 1138 a
1188 1104 1303 1139 Paulo
1326 1107 1465 1146 scripta
1486 1108 1561 1148 est,
1592 1113 1704 1146 quum

318 1151 502 1191 caesarea
518 1163 561 1187 eo
579 1153 753 1186 venisset.
800 1153 903 1191 Quod
920 1153 1085 1193 quamvis
1102 1156 1177 1184 tam
1195 1153 1340 1192 planum
1355 1152 1486 1192 facias,
1510 1154 1550 1183 ut
1565 1152 1704 1184 adver-

319 1203 412 1235 sarii
429 1211 476 1235 ne
493 1201 634 1233 hiscere
652 1200 795 1240 quidem
813 1197 973 1238 possint,
1004 1201 1127 1230 tamen
1149 1196 1205 1229 hic
1223 1198 1364 1238 quidem
1383 1205 1454 1229 non
1469 1196 1539 1228 nisi
1553 1197 1706 1237 potissi-

317 1257 378 1282 ma
395 1249 609 1290 argumenta
627 1245 882 1286 adsignificare
909 1243 994 1276 mihi
1017 1244 1114 1275 licet.
1161 1244 1187 1275 1.
1212 1241 1364 1275 Paulum
1392 1251 1501 1284 quum
1519 1237 1706 1277 caesare?-

319 1294 473 1328 Romam
496 1293 689 1333 navigaret
710 1290 951 1322 Aristarchus
979 1291 1017 1322 et
1039 1290 1160 1322 Lucas
1180 1290 1345 1330 comitati
1367 1292 1452 1322 sunt
1484 1289 1567 1321 Act.
1581 1290 1642 1328 27,
1660 1291 1708 1321 2..

318 1342 396 1375 Hos
413 1347 502 1372 vero
520 1340 657 1371 Romae
675 1346 755 1369 cum
775 1333 814 1369 P.
833 1336 948 1368 fuisse
972 1335 1148 1376 epistolae
1167 1336 1297 1368 docent
1319 1335 1367 1367 ibi
1388 1335 1552 1376 scriptae
1575 1334 1706 1375 Cels-1³,

321 1389 379 1420 10.
396 1384 451 1417 14.
475 1382 622 1416 Philem.
643 1381 698 1415 24.
732 1385 753 1415 2
774 1382 866 1415 Tim.
885 1380 921 1422 4,
946 1383 1001 1415 11.
1054 1384 1103 1414 At
1127 1391 1197 1422 quo
1222 1385 1384 1421 tempore
1409 1381 1563 1422 epistola
1585 1382 1632 1415 11.
1657 1381 1706 1413 ad

321 1432 474 1466 Timoth.
493 1429 657 1463 confecta
673 1430 730 1461 est
748 1426 984 1460 Aristarchus
1010 1428 1055 1460 ah
1073 1429 1162 1460 urhe
1187 1428 1301 1460 abfuit.
1323 1432 1345 1461 2
1363 1429 1453 1460 Tim.
1468 1427 1503 1472 4,
1525 1430 1591 1460 11..
1637 1427 1706 1460 Ni-

319 1479 453 1513 mirum
471 1477 531 1518 qui
548 1476 690 1508 tristem
712 1472 813 1506 Pauli
829 1475 1009 1506 fortunam
1034 1475 1210 1506 consolati
1234 1477 1318 1506 sunt
1345 1474 1475 1515 amici,
1508 1482 1616 1515 quum
1642 1473 1705 1506 diu

320 1525 360 1558 in
379 1522 546 1557 custodia
563 1523 662 1554 esset
676 1528 747 1553 nou
770 1529 893 1553 omnes
916 1529 1060 1559 semper
1084 1521 1180 1558 apud
1198 1517 1238 1553 P.
1259 1523 1492 1562 manserunt,
1523 1521 1589 1552 sed
1612 1527 1706 1553 non-

321 1571 410 1605 nulli
433 1569 603 1612 quamdiu
629 1575 752 1598 eorum
781 1567 943 1598 rationes
974 1567 1203 1606 patiebantur
1237 1570 1258 1600 2
1289 1567 1379 1599 Tim.
1405 1567 1440 1609 4,
1466 1569 1623 1600 9.—11.
1648 1568 1706 1599 21.

319 1614 470 1649 Philem.
487 1614 555 1648 24..
600 1610 748 1645 Poterat
775 1612 884 1651 igitur
909 1611 1145 1645 Aristarchus
1170 1615 1209 1645 ut
1232 1620 1301 1645 sua
1324 1617 1471 1655 gereret
1491 1613 1635 1655 negotia
1657 1611 1707 1645 ad

322 1665 469 1702 tempus
494 1662 644 1700 abesse,
678 1661 753 1690 tum
773 1659 923 1691 Romam
944 1659 1095 1692 reverti.
1142 1659 1186 1692 ll.
1210 1660 1330 1692 Locus
1354 1663 1376 1692 2
1393 1659 1483 1691 Tim.
1500 1663 1534 1701 2,
1551 1662 1585 1692 9.
1615 1660 1707 1691 bene

322 1708 520 1742 concordat
544 1714 624 1737 cum
643 1701 724 1737 Act.
746 1705 803 1745 28,
831 1706 899 1738 31..
946 1705 1009 1737 111.
1033 1705 1071 1737 Si
1094 1706 1282 1746 epistolam
1309 1707 1354 1738 11.
1383 1707 1431 1737 ad
1457 1706 1608 1738 Timoth.
1630 1709 1707 1738 tum

325 1753 369 1788 P.
387 1753 620 1793 scripsisset,
650 1759 756 1791 quum
779 1751 909 1784 iterum
927 1753 1062 1784 Romae
1086 1753 1122 1784 in
1140 1752 1292 1784 vinculis
1316 1755 1437 1791 esset,
1470 1761 1536 1784 cur
1559 1752 1708 1784 tandem

321 1801 421 1834 mala
438 1809 501 1841 per
515 1801 684 1839 quattuor
699 1798 853 1837 amplius
870 1805 983 1830 annos
1000 1798 1274 1840 Hierosolymis,
1298 1799 1507 1832 Caesareae
1523 1801 1561 1830 et
1570 1800 1708 1831 Romae

324 1848 402 1881 Deo
419 1843 618 1887 adjuvante
642 1844 795 1876 feliciter
813 1845 998 1876 exantlata
1020 1852 1091 1877 non
1114 1845 1409 1878 commemoravit
1431 1844 1572 1885 potius,
1596 1853 1706 1885 quam

322 1893 558 1931 vexationes,
579 1900 623 1923 ex
642 1890 768 1931 quibus
787 1899 828 1922 se
842 1892 940 1923 Deus
959 1891 1184 1931 Antiochiae,
1208 1892 1318 1924 Iconii
1337 1894 1373 1924 et
1389 1891 1540 1932 Lystris
1556 1891 1709 1929 benigne

323 1939 521 1979 eripuisset
537 1946 573 1968 v.
596 1938 716 1969 2Tim.
735 1940 769 1976 3,
791 1939 844 1970 11.
871 1938 917 1971 cl.
940 1935 1020 1969 Act.
1034 1933 1264 1979 13.14.sqq.2
1297 1938 1361 1971 lV.
1377 1938 1590 1978 Apostolum
1599 1945 1709 1979 quum

324 1986 476 2019 Romam
499 1983 664 2016 venisset
687 1983 802 2023 primo
829 1983 1019 2024 epistolam
1042 1985 1087 2016 ad
1116 1985 1311 2024 Ephesios,
1352 1985 1482 2017 deiude
1505 1992 1562 2024 ep.
1581 1985 1629 2018 11.
1657 1984 1707 2017 ad.

325 2032 498 2072 Timoth.,
519 2033 593 2063 tum
613 2029 786 2070 epistolas
803 2031 849 2062 ad
869 2031 1005 2065 coloss.
1018 2053 1029 2070 ,
1061 2031 1206 2064 Philem.
1229 2033 1266 2063 et
1282 2030 1529 2072 Philippenses
1549 2030 1710 2073 dedisse,

326 2087 372 2111 ex
390 2078 445 2109 his
462 2077 662 2116 intelligas:
690 2076 912 2109 Timotheum
933 2080 973 2108 ut
989 2085 1095 2118 quam
1115 2077 1268 2118 primum
1294 2079 1330 2109 et
1347 2082 1448 2110 certe
1463 2079 1548 2110 aute
1567 2078 1707 2109 hiemen

324 2121 488 2166 2⁷rim.4,
505 2125 539 2157 9.
557 2124 615 2156 20.
641 2131 721 2154 cum
739 2125 865 2155 Marco
889 2126 910 2155 2
927 2123 1014 2156 Tim.
1031 2122 1066 2163 4,
1080 2125 1136 2156 11.
1160 2124 1204 2156 ad
1225 2132 1266 2156 se
1279 2124 1406 2156 veniat
1424 2125 1463 2156 P.
1485 2125 1650 2156 hortatur
1669 2129 1707 2155 et:

326 2170 523 2210 Tychicum
544 2170 723 2210 Ephesum
743 2170 788 2201 ah
808 2179 848 2201 se
866 2169 1013 2201 missum
1033 2179 1114 2202 esse
1130 2173 1257 2202 narrat
1271 2173 1302 2202 ,2
1323 2171 1412 2203 Τίιιι.
1430 2169 1466 2208 4,
1488 2172 1542 2203 12.
1566 2179 1602 2201 v.
1616 2170 1706 2209 Eph.

325 2219 364 2259 6,
380 2218 448 2250 22..
487 2217 609 2256 Quare
627 2215 730 2256 epist.
745 2216 789 2247 ll.
806 2216 853 2248 ad
872 2216 1020 2248 Timoth.
1041 2220 1120 2257 post
1137 2216 1324 2256 epistolam
1343 2218 1388 2249 ad
1402 2218 1534 2255 Ephes.
1552 2218 1710 2249 exarata

325 2264 402 2300 est,
425 2263 458 2294 1ι.
480 2271 512 2295 e.
534 2271 597 2302 per
614 2264 810 2301 aestatem,
834 2265 874 2294 ut
889 2262 1056 2300 videtur,
1079 2271 1113 2295 a.
1130 2265 1207 2298 61..
1241 2272 1349 2303 quum
1368 2263 1514 2295 ineunte
1530 2264 1594 2295 hoc
1610 2269 1708 2295 anno

326 2306 368 2341 P.
387 2309 537 2341 Romam
554 2308 718 2340 venisset
734 2309 790 2345 (v.
808 2310 951 2348 supra).
1000 2310 1071 2342 Sed
1090 2313 1170 2349 post
1186 2308 1360 2340 Timothei
1376 2316 1409 2341 et
1427 2309 1541 2342 Marci
1564 2310 1707 2341 adven-

326 2356 423 2397 tum,
445 2363 551 2396 quum
570 2353 678 2386 etiam
698 2356 829 2386 liemas
848 2356 998 2387 Romam
1018 2365 1190 2388 reversus
1210 2359 1308 2387 esset
1333 2358 1353 2387 2
1373 2356 1463 2388 Tim.
1484 2355 1519 2391 4.
1539 2357 1593 2389 10.
1628 2356 1705 2389 Col.

327 2400 362 2437 4.
383 2400 438 2434 14.
454 2424 465 2440 ,
494 2401 609 2441 primo
633 2401 770 2440 scripta
792 2403 848 2433 cst
870 2409 924 2441 ep.
947 2402 992 2433 ad
1010 2402 1150 2436 coloss.
1173 2411 1207 2432 v.
1230 2402 1306 2435 Col.
1326 2404 1358 2438 1,
1385 2405 1413 2434 1.
1437 2401 1472 2441 4,
1491 2402 1567 2444 10.,
1598 2409 1707 2443 quam

329 2447 528 2486 Tychicus,
563 2451 601 2480 ut
627 2447 727 2486 prius
745 2448 791 2479 ad
818 2449 991 2487 Ephesios
1014 2449 1234 2484 confectam.
1268 2448 1521 2487 perferendam
1546 2447 1709 2488 suscepit

329 2494 419 2531 Eph.
436 2496 471 2534 6,
489 2494 546 2526 21.
586 2493 662 2528 Col.
678 2492 712 2528 4.
728 2495 784 2533 7.,
821 2494 949 2526 deiude
977 2495 1150 2533 epistolae
1175 2495 1220 2526 ad
1250 2495 1396 2527 mutem.
1423 2498 1459 2527 et
1482 2495 1530 2527 ad
1554 2495 1708 2534 Philipp.

329 2538 562 2579 consignatae
582 2543 667 2572 sunt
692 2540 836 2572 Philem.
856 2542 888 2578 1,
907 2539 962 2573 24.
995 2541 1070 2573 Col.
1087 2541 1122 2575 4.
1143 2543 1176 2573 9.
1209 2542 1297 2573 Phil.
1319 2544 1349 2576 1.
1373 2544 1404 2575 1.
1431 2545 1464 2579 2,
1486 2542 1550 2574 19..
1597 2542 1709 2574 Mm-

330 2593 376 2625 pe
402 2585 618 2624 interposita
643 2587 765 2627 aliqua
791 2595 891 2619 niora
918 2588 1064 2627 Tychici
1090 2588 1227 2619 abitum
1253 2589 1285 2619 in
1306 2586 1501 2626 Timothei,
1535 2588 1650 2619 Marci
1670 2591 1709 2620 et

330 2632 468 2663 neniae
493 2633 688 2664 adventum
713 2635 934 2666 extraxerat.
959 2634 1003 2666 V.
1029 2634 1229 2673 Epistulam
1248 2635 1293 2667 11.
1317 2636 1363 2667 ad
1383 2635 1470 2667 Tim.
1497 2642 1606 2673 quum
1623 2631 1705 2675 jam

327 2677 387 2708 diu
407 2678 445 2708 Ρ.
457 2679 591 2709 Romae
608 2680 641 2710 in
659 2676 819 2711 ctu-*tedii
840 2681 968 2712 suisset
989 2683 1026 2712 ct
1045 2682 1163 2721 paullo
1179 2684 1265 2712 ante
1283 2679 1363 2722 ejus
1373 2683 1523 2712 mortem
1542 2682 1705 2712 conscri-

329 2726 426 2762 ptam
452 2733 533 2755 esse
553 2734 667 2764 neque
691 2736 734 2758 ex
754 2729 775 2759 2
794 2727 883 2758 Tim.
900 2727 934 2761 4.
954 2730 1006 2760 16.
1020 2750 1030 2765 ,
1055 2727 1114 2768 qui
1133 2727 1156 2759 l.
1181 2728 1400 2759 contrariam
1422 2727 1538 2765 potius
1555 2730 1704 2758 sentcn-

328 2770 415 2801 tium
434 2770 553 2805 fulcit.
584 2781 696 2811 noque
721 2781 765 2804 ex
798 2776 818 2804 2
837 2775 925 2805 Tim.
943 2774 978 2809 4.
995 2777 1027 2806 6.
1053 2774 1295 2814 consequitur.
1340 2774 1430 2805 Nam
1456 2772 1514 2813 qui
1541 2771 1575 2804 in
1600 2773 1703 2805 anci-

330 2817 393 2856 piti
415 2816 557 2847 sortium
577 2820 762 2850 constituti
780 2823 885 2855 sunt.
917 2828 1038 2851 eornm
1063 2820 1191 2854 animi.
1224 2822 1261 2850 ut
1289 2819 1322 2850 iu
1349 2817 1484 2851 incerti
1506 2827 1567 2857 re,
1599 2820 1704 2852 modo

327 2872 391 2901 spe
411 2862 597 2898 cri-‚ututur
630 2865 713 2896 l'hil.
736 2867 764 2900 1.
785 2867 838 2897 25.
857 2876 910 2905 sq.
936 2870 970 2901 ’2.
988 2867 1063 2903 24..
1096 2866 1200 2897 mmlo
1220 2869 1315 2896 metu
1330 2865 1548 2902 fratiauntttr
1570 2866 1704 2903 Phila,

329 2910 392 2940 17..
442 2909 503 2940 Vl.
528 2911 625 2941 hova
650 2915 670 2943 ’.ζ
689 2911 777 2942 Tim.
797 2911 831 2953 4,
852 2914 903 2943 111.
923 2914 977 2945 20.
1009 2913 1056 2944 ad
1083 2911 1152 2946 iter
1178 2915 1342 2952 spectant
1366 2913 1446 2944 Act.
1465 2913 1520 2957 20,
1538 2911 1572 2946 4.
1590 2912 1623 2947 5.
1645 2913 1699 2947 15.
1750 2908 1752 2916 ⁴
