1752 3347
444 195 601 241 CAP.
632 194 710 239 11.
742 194 836 238 Vs.
875 196 919 239 9.
949 198 1003 237 et
1033 196 1129 242 10..
1444 197 1525 239 109

49 320 190 363 neque
217 319 397 347 munere
429 319 556 347 sacro
584 301 840 346 movendum
867 314 1016 359 neque
1044 298 1382 345 comburendum
1403 301 1525 362 judi-

47 363 157 406 cabo
176 363 471 415 haereticum,
510 361 550 404 si
582 361 682 417 quis
701 359 892 402 Paulum
917 360 986 401 rei
1016 373 1130 417 quae
1157 358 1440 402 tummaxime
1470 360 1526 403 il-

48 419 280 464 lustranda
297 424 393 462 erat
411 419 537 461 unice
556 418 769 460 intentum
785 416 971 471 longius
983 448 996 470 ,
1036 430 1165 473 quam
1182 415 1392 468 debehat,
1428 416 1472 461 h.
1492 418 1525 461 1.

51 482 301 536 provectum
321 490 419 519 esse
435 475 609 533 putabit
626 489 811 531 eumque
829 474 918 533 piis
930 473 958 518 J
960 472 1114 516 udaeis
1132 477 1266 530 atque
1282 473 1526 529 gentilibus

49 537 273 577 aeternam
291 533 545 576 beatitatem
565 537 826 587 auguratum
850 545 973 584 esse,
1012 531 1117 588 quia
1144 534 1308 588 quanta
1332 534 1452 572 esset
1479 531 1525 572 in

48 589 233 636 Iudaeis
255 594 300 632 et
318 589 503 646 paganis
522 588 577 629 ad
604 589 842 644 perfectam
874 588 1082 630 virtutem
1108 587 1266 631 virium
1294 587 1527 630 imbecilli-

47 652 118 690 tas
137 647 184 688 in
203 651 399 702 tempore
417 659 504 686 non
524 645 821 696 meminisset,
850 644 1143 689 existimabit.
1199 643 1317 687 Nam
1341 643 1451 697 viri,
1479 644 1524 686 in

47 703 224 761 quibus,
242 705 291 743 ut
302 702 348 742 in
359 700 517 753 Paulo,
537 715 750 742 summum
764 705 834 742 est
846 700 1073 755 ingenium
1092 715 1374 758 summusque
1391 700 1526 743 animi

46 759 180 801 ardor
196 762 431 816 propterea
451 771 537 798 non
557 770 730 814 semper
748 756 837 798 sibi
855 758 1143 811 conveniunt,
1173 759 1377 815 quoniam
1398 757 1526 815 quid-

45 814 153 872 quid
163 818 302 870 agunt
320 817 413 856 toto
426 813 572 855 animo
590 817 725 868 agunt
742 817 990 855 ceterarum
1011 827 1157 856 rerum
1170 815 1313 860 obliti.
1357 814 1525 871 Quidni

45 873 185 928 igitur
204 871 278 912 hic
295 869 377 925 P.‚
404 874 499 913 toto
523 871 668 913 animo
698 870 743 911 in
773 869 820 912 id
840 883 1022 922 versuS,
1057 874 1107 912 ut
1134 871 1320 913 Judaeos
1348 886 1523 929 quoque

45 929 134 972 Dei
154 927 383 985 justitiam
413 932 677 985 experturos
702 941 803 969 esse
834 925 1113 979 ostenderet,
1149 928 1354 982 longius,
1393 943 1523 986 quam

45 999 127 1044 par
147 988 266 1038 erat,
295 984 457 1027 abierit
475 989 519 1026 et
537 984 799 1026 sententiam
815 997 861 1027 v..
878 985 922 1028 6.
947 983 1233 1040 unusquisque
1251 983 1425 1039 justam
1449 984 1523 1042 fa-

45 1047 212 1086 ctoram
233 1056 407 1091 sacrum
432 1042 667 1085 mercedem
693 1040 808 1099 feret
836 1040 901 1083 ita
925 1041 1103 1098 planam
1125 1041 1304 1093 fecerit,
1338 1046 1388 1083 ut
1416 1042 1523 1084 haee

47 1114 86 1143 v.
99 1101 128 1140 7
146 1125 199 1131 -
219 1100 288 1143 10.
310 1097 598 1157 adjungeret:
629 1112 773 1141 omnes
794 1097 980 1153 improbi
999 1097 1046 1139 in
1062 1098 1250 1141 tartaris
1267 1099 1523 1154 torqueban-

44 1161 139 1208 tur,
168 1168 313 1197 onmes
331 1155 455 1210 probi
472 1156 586 1198 vitae
612 1160 815 1197 aeternae
843 1154 1058 1211 felicitate
1086 1154 1355 1197 ornabuntur
1383 1160 1426 1198 et
1445 1155 1521 1198 Ja-

43 1213 143 1255 daec‘
159 1212 432 1265 potissimum
451 1216 494 1253 et
509 1207 722 1267 yente'les?
761 1211 888 1265 Quae
908 1210 949 1253 si
977 1210 1049 1252 cui
1074 1224 1231 1268 parum
1257 1210 1518 1254 verisimilia

43 1267 332 1322 videbuntur,
370 1268 410 1309 is
429 1273 603 1321 caveat,
640 1282 694 1309 ne
716 1266 906 1310 Pauliun
934 1267 1111 1311 nonnisi
1139 1268 1354 1323 reyalam,
1392 1283 1521 1326 quam

44 1325 171 1368 Deus
192 1339 273 1382 pro
299 1324 378 1367 sua
399 1323 576 1382 justitia
605 1328 879 1380 sequuturus
903 1329 1024 1366 esset
1051 1323 1279 1366 declarare
1308 1326 1522 1379 voluisse,

42 1382 217 1434 credat,
248 1381 360 1424 nihil
380 1381 433 1424 de
452 1396 502 1423 eo
525 1381 781 1433 sollicitum,
810 1385 958 1423 utrum
976 1385 1159 1438 possent
1177 1380 1338 1425 Judaei
1354 1388 1399 1425 et
1415 1398 1519 1439 gen·

42 1440 147 1489 tiles
166 1443 386 1481 aeternam
409 1438 667 1480 beatitatem
690 1438 799 1480 bene
828 1436 999 1493 agendo
1028 1438 1117 1479 sibi
1145 1452 1426 1495 comparare,
1464 1455 1519 1482 an

42 1510 129 1538 non
150 1499 358 1552 possent:
387 1499 533 1536 utram
552 1496 743 1536 homines
760 1508 844 1536 non
863 1493 1015 1537 christ.
1038 1495 1173 1537 vitam
1190 1500 1416 1538 aeternam
1436 1498 1520 1540 vir-

42 1556 132 1594 tute
147 1550 231 1593 sibi
249 1564 454 1608 quaerere
471 1555 652 1606 queant,
683 1565 741 1591 an
758 1555 971 1606 neqaeant
990 1551 1034 1592 ‹e'd
1061 1551 1319 1595 constituere
1343 1567 1427 1595 non·
1453 1559 1518 1596 est

41 1606 174 1664 bajas
193 1607 294 1660 Ioe2‘3
322 1606 399 1649 sed
415 1609 530 1649 valet
546 1606 696 1661 reyala
709 1637 720 1658 ,
751 1610 798 1648 ut
813 1606 936 1647 anic
948 1606 1104 1663 atque
1122 1608 1246 1649 Deas
1262 1622 1343 1662 pro
1361 1610 1515 1652 merito

40 1665 272 1719 rependat,
302 1662 512 1717 improbos
529 1663 573 1704 ῖη
593 1667 770 1705 tartara
787 1660 1016 1717 conjiciat,
1053 1663 1210 1717 probos·
1236 1665 1351 1707 vitae
1377 1670 1517 1709 aeter-

40 1734 123 1763 nae
144 1719 351 1763 beatitate
367 1724 504 1771 ornet,
522 1724 565 1762 et
582 1719 765 1761 Jadaeos
780 1718 1055 1774 potissimam
1073 1724 1117 1761 et
1129 1721 1326 1775 yentileS.
1369 1721 1516 1778 Quum

40 1776 156 1819 enim
173 1775 369 1819 dubitari
388 1780 598 1832 nequeat,
627 1775 734 1833 quin
755 1773 808 1819 P.
825 1776 974 1831 pravis
991 1774 1178 1820 Judaeis
1200 1781 1246 1819 et
1272 1780 1519 1834 gentilibus

39 1847 234 1889 geennae
256 1836 477 1875 tormenta
504 1847 600 1875 vere
629 1838 757 1889 atque
786 1833 955 1875 omnino
980 1831 1308 1877 denuntiaverit
1331 1850 1375 1881 v.
1403 1836 1445 1881 5.
1472 1837 1516 1881 8.

41 1892 112 1933 10.
125 1923 138 1944 ,
166 1905 348 1933 necesse
368 1895 461 1943 est,
487 1893 538 1931 ut
554 1889 640 1944 piis
659 1895 813 1932 contra
834 1889 864 1933 J
866 1887 1020 1931 udaeis
1040 1895 1084 1932 et
1103 1891 1289 1948 paganis
1308 1907 1394 1935 non
1420 1909 1516 1936 ma-

66 1948 104 1989 is
121 1947 232 1989 serio
253 1962 306 1990 ac
323 1947 575 2003 simpliciter
592 1945 728 1989 vitam
748 1950 971 1988 aeternam
995 1947 1287 2005 spoponderit
1308 1964 1350 1994 v.
1381 1951 1425 1993 7.
1453 1952 1514 1996 9..

85 2018 230 2046 emere
250 2004 425 2057 Clu-ys„
456 2003 733 2057 (lm-odoret„
764 2003 1015 2057 Tkeophyl„
1044 2005 1185 2049 schol.
1205 2005 1321 2063 apud
1340 2006 1516 2052 Meam.

39 2061 99 2104 al.
117 2060 307 2103 Paulum
325 2074 367 2104 v.
388 2062 431 2104 7.
461 2061 531 2102 10.
559 2064 730 2102 tantum
758 2075 833 2103 eos
854 2059 1048 2104 Judaeos
1075 2066 1120 2103 et
1145 2063 1338 2117 gentiles
1365 2063 1515 2106 dicere

39 2132 64 2160 o
97 2117 302 2170 inantur,
331 2117 527 2174 quiante
548 2116 719 2160 Christi
746 2122 946 2175 tempora
972 2119 1044 2175 PIe
1072 2118 1207 2161 vitam
1236 2120 1432 2175 egerint,
1462 2125 1513 2164 ut

38 2132 385 2217 Biblchisedecus
403 2177 448 2216 et
460 2172 709 2228 Cornelius,
732 2175 818 2216 viri
840 2175 1127 2232 praeputiati.
1189 2176 1427 2219 Generalis
1445 2183 1517 2220 est

39 2232 155 2273 enim
174 2235 219 2273 et
237 2231 294 2273 ad
311 2231 504 2277 omnium
524 2235 766 2288 temporum
784 2231 812 2276 J
815 2231 978 2274 udaeos
997 2245 1047 2273 ac
1064 2234 1255 2288 gentiles
1283 2234 1515 2293 pertinens

39 2284 94 2330 P.
113 2287 254 2330 oratio
273 2290 335 2344 (v.
354 2289 397 2332 6.
417 2288 474 2330 cl.
498 2301 540 2331 v,
561 2288 668 2342 12).
725 2287 824 2331 Una
852 2290 965 2332 ratio
992 2294 1156 2343 restat,
1191 2290 1276 2346 qua
1303 2291 1509 2345 Paulum,

40 2357 173 2399 quum
191 2345 343 2400 probis
357 2343 386 2389 J
389 2343 540 2387 udaeis
560 2350 605 2387 et
621 2345 863 2400 gentilibus
883 2345 1018 2389 vitam
1037 2351 1258 2389 aeternam
1276 2348 1509 2406 pollicere·

37 2406 112 2442 tur
127 2414 169 2443 v.
188 2402 231 2444 7.
252 2403 343 2453 10.,
370 2400 479 2444 bene
501 2401 589 2443 sibi
614 2402 870 2445 constitisse
898 2402 1128 2457 ostendas,
1166 2404 1292 2459 haec,
1329 2409 1379 2447 ut
1409 2420 1507 2447 eum

37 2457 84 2500 in
102 2457 182 2499 hac
203 2457 420 2499 sententia
440 2458 581 2500 fuisse
605 2458 783 2513 credas,
819 2460 996 2502 tametsi
1023 2461 1095 2502 via
1122 2460 1246 2515 regia
1273 2476 1353 2518 per
1376 2460 1506 2516 fidem

36 2513 284 2557 in‘Ghristo
307 2516 547 2571 repositam
577 2514 634 2556 ad
659 2517 968 2574 sempiternam
995 2517 1249 2560 felicitatem
1277 2519 1507 2577 pervenia-

2 2596 3 2600 =
35 2574 134 2623 tur,
163 2585 263 2629 esse
283 2575 427 2613 tamen
446 2572 575 2613 etiam
596 2573 819 2625 semitam,
859 2587 969 2629 quae
994 2587 1074 2628 per
1100 2574 1365 2619 honestatem
1393 2590 1500 2618 non-

2 2628 14 2653 -’
35 2628 184 2675 nullos
207 2626 399 2672 Judaeos
423 2633 468 2670 et
487 2642 683 2685 paganos
703 2629 853 2671 eodem
870 2631 1000 2674 ferat.
1059 2628 1240 2673 Scilicet
1260 2646 1315 2675 ne
1340 2632 1374 2675 ii
1403 2634 1502 2690 qni-

36 2682 133 2726 dem
155 2685 231 2741 qui
252 2683 329 2740 τὴν
348 2682 629 2741 δικαιοσύνην
659 2686 738 2728 τοῦ
756 2686 871 2728 θεοῦ
887 2685 971 2728 fide
990 2685 1140 2745 adepti
1161 2689 1252 2730 sint
1266 2687 1407 2732 Paulo
1425 2705 1504 2732 au·

34 2744 155 2785 ctore
176 2741 361 2799 perfecti
384 2740 583 2782 homines
611 2746 712 2783 sunt
738 2742 950 2799 planeque
980 2744 1224 2801 sapiente53
1260 2746 1341 2789 sed
1367 2747 1499 2799 tales,

35 2796 80 2841 in
108 2812 219 2854 quos
236 2797 362 2840 Deus
392 2797 448 2839 oh
478 2812 694 2839 summum
720 2798 960 2841 honestatis
990 2800 1183 2844 studium
1210 2804 1498 2847 voluntatem-

37 2868 120 2908 que
156 2854 204 2897 in
235 2854 489 2911 obsequium
519 2853 606 2897 div.
631 2854 804 2910 legibus
831 2857 1138 2913 praestandum
1165 2860 1297 2917 plane
1325 2874 1496 2904 versam
