1752 3347
597 211 1168 258 PROLEGOMENA.
1486 225 1625 255 xxxin

149 322 327 374 Achaiai,
370 329 402 359 ot
431 321 523 373 quia
547 321 735 372 pecunias
760 320 1044 374 Hierosolyma
1071 319 1327 372 perferendas
1349 317 1403 358 ibi
1431 323 1620 368 acceptu-

151 393 220 419 rus
244 387 327 418 orat
355 381 368 418 l
395 378 488 419 Cor.
518 379 578 429 16,
599 380 641 420 2.
664 392 724 429 sq.
754 379 781 418 2
802 379 897 418 Cor.
919 379 959 430 9,
976 379 1044 430 4.,
1074 385 1111 417 et
1131 377 1317 428 quoniam
1341 374 1620 416 commodissi-

150 450 235 475 nius
257 436 366 475 lorus
391 442 496 487 orat,
528 437 627 475 undo
652 436 689 475 in
709 434 866 486 Syriam
891 435 1176 476 transmitteret
1195 433 1416 485 Act.20‚3.
1449 432 1619 482 18,18..

150 493 201 534 ΙΙ.
231 493 598 532 conum-morantur
632 493 671 532 in
703 506 765 543 cp.
789 495 836 531 :ul
870 494 982 534 Boni.
1004 491 1222 542 Corinthii,
1262 490 1326 542 qui
1358 490 1507 541 partim
1534 488 1620 527 Ro-

152 550 282 590 manis
320 550 492 588 salutem
528 550 684 600 dicunt,
732 550 875 600 partini
906 563 930 588 a
962 551 1005 590 Ρ.
1034 548 1228 589 Romanis
1276 548 1621 596 commendantur,

151 607 300 658 cajus,
331 606 445 646 Pauli
467 606 642 655 hospes,
675 606 791 645 Rom.
815 606 880 656 16,
901 606 972 647 23.
1006 608 1025 646 1
1043 604 1296 657 Co1·.l‚14.,
1325 604 1499 655 Phoebe,
1528 615 1622 641 coe-

151 671 214 704 tus
233 662 528 702 Cenchroonsis
558 662 792 701 diaconissa
817 661 932 702 Rom.
959 662 1025 714 16,
1047 664 1085 705 1.
1120 669 1156 701 ot
1177 664 1373 712 Erastus,
1413 660 1479 712 qui
1499 672 1624 711 quae-

152 727 238 760 stor
265 719 397 758 factus
418 718 601 759 Corinthi
631 718 848 767 remansit,
887 719 1002 759 Rom.
1028 719 1094 770 16,
1116 719 1187 760 23.
1218 719 1271 759 cl.
1294 719 1381 759 Act.
1403 718 1472 768 19,
1490 717 1560 758 22.
1587 721 1626 755 et

153 778 179 817 2
199 776 305 817 Tim.
324 776 367 828 4,
386 776 474 818 20..
535 775 689 826 Nempe
713 775 964 825 componitur
988 775 1161 814 Erastus
1192 776 1219 815 2
1239 775 1347 817 Tim.
1370 774 1412 825 4,
1431 774 1503 816 20.
1535 786 1627 813 cum

154 832 402 884 Trophimo,
442 845 556 889 quein
579 832 725 871 diutius
755 845 886 872 secum
907 832 1128 883 profectum
1148 831 1193 872 P.
1215 832 1257 870 in
1276 832 1417 872 itinere
1440 831 1627 871 hieroso-

152 891 348 943 lymitano
379 896 584 940 aegrotum
612 889 764 929 Mileti
796 896 938 940 postea
967 889 1145 940 relliqnit
1172 888 1262 928 Aet.
1288 889 1359 941 20,
1392 889 1479 930 15..
1551 887 1628 926 Est

154 947 276 999 igitur
294 961 357 999 ep.
381 947 431 986 ad
446 947 562 986 Rom.
584 945 787 987 Corinthi
804 947 1001 996 confecta,
1034 945 1171 997 paullo
1191 945 1347 995 quidem
1368 952 1474 995 ante,
1507 956 1630 995 quam

154 1005 233 1057 Ap.
263 1017 313 1044 ox
341 1005 389 1044 cti
414 1004 513 1043 urhe
538 1003 747 1055 digressus
775 1003 1057 1044 Macedoniam
1079 1001 1260 1054 repetiit,
1297 1008 1339 1042 ut
1369 1015 1412 1041 se
1438 1015 1510 1053 per
1536 1001 1629 1040 lon-

155 1074 247 1114 gam
275 1063 483 1113 ambagem
512 1060 803 1113 Hierosolyma
830 1060 1029 1100 conferret
1052 1060 1141 1100 Act.
1163 1058 1233 1110 20,
1252 1058 1311 1101 3..
1368 1057 1493 1098 Recte
1523 1058 1632 1097 hano

156 1119 417 1169 sententiam,
460 1130 579 1169 quam
601 1123 753 1156 tantum
777 1131 858 1157 non
884 1131 1019 1158 omnes
1048 1118 1291 1167 interpretes
1312 1113 1359 1171 ἢ
1396 1115 1634 1166 probarunt,

157 1176 362 1226 subjectns
395 1175 592 1225 epistolae.
614 1174 754 1213 titulus
777 1181 929 1215 tuctur:
978 1174 1083 1228 πρὸς
1101 1171 1328 1224 Ῥωμαίους
1355 1168 1514 1226 ἐγράφη
1546 1169 1631 1212 ἀπὸ

158 1233 376 1287 Κορίνθου
398 1230 464 1273 διὰ
493 1231 676 1283 Φοίβης,
707 1234 782 1285 τῆς
801 1228 994 1272 διακόνου
1016 1235 1088 1285 τῆς
1105 1230 1146 1271 ἐν
1159 1230 1382 1284 Κεγχρεαῖς
1404 1227 1635 1281 ἐκκλησίας.

315 1424 411 1463 QUA
436 1425 618 1457 LINGUA
647 1425 715 1456 ΕΡ.
743 1371 945 1456 ΞΟΒῐΡῗΓΑ
981 1403 1086 1465 SI'I',¹
1118 1422 1482 1458 CONSTITUITUR.

276 1477 445 1520 Graece
464 1480 540 1530 Ap.
572 1480 679 1518 hanc
709 1479 824 1529 epist.
851 1478 1033 1529 scripsit.
1092 1477 1199 1517 Nam
1219 1476 1250 1518 Ι.
1279 1476 1325 1518 P.
1342 1484 1384 1516 ut
1413 1474 1642 1516 Hellenista

162 1542 198 1575 et
217 1534 284 1587 qni
307 1535 459 1576 Christi
481 1536 700 1588 Apostolus
724 1536 855 1575 sactus
876 1535 1017 1586 perdiu
1035 1534 1138 1573 inter
1157 1535 1335 1575 Graecos
1356 1540 1544 1574 versatus
1570 1546 1641 1573 es-

211 1653 254 1695 *J
279 1657 424 1689 Vanam
443 1657 592 1690 Toblerz·
611 1650 758 1699 (OEinige
777 1652 926 1699 theolog.
945 1647 1110 1697 ἳίαῆῗιξε.
1134 1648 1255 1698 Βᾱτίᾶρ
1275 1656 1376 1688 1796.
1401 1663 1435 1694 p.
1455 1653 1514 1686 41.
1529 1653 1644 1695 sqq.)‚

257 1703 318 1744 qui
336 1712 441 1744 quum
461 1703 650 1743 epistolam
666 1703 712 1734 ad
730 1705 832 1734 notos
849 1704 885 1734 et
910 1711 1003 1744 quos
1025 1703 1065 1734 P.
1085 1704 1202 1734 antea
1219 1702 1381 1734 vidisset
1397 1701 1558 1733 nomines
1585 1699 1644 1731 di-

258 1749 328 1791 rigi
338 1750 406 1781 sibi
427 1749 681 1789 persuasisset
699 1750 759 1786 (at
776 1757 812 1780 v.
828 1749 929 1780 Rom.
953 1750 986 1787 1,
1005 1750 1028 1781 9
1043 1764 1081 1770 -
1094 1747 1149 1781 15.
1177 1747 1289 1787 15‚2?.
1303 1749 1436 1785 -32.)
1450 1770 1460 1790 ,
1487 1743 1643 1778 Paulum

258 1796 403 1829 Romae
420 1796 637 1829 absolutum
661 1797 720 1834 (at
733 1795 777 1828 cf.
799 1803 911 1834 supra
940 1795 972 1834 §s
985 1796 1016 1827 1.
1037 1796 1110 1827 not.
1132 1802 1167 1833 p.
1180 1794 1334 1830 XVIII.)
1361 1793 1425 1826 Ga
1436 1803 1481 1826 es
1491 1801 1516 1823 a
1529 1801 1550 1824 r
1561 1800 1613 1823 ea
1625 1799 1646 1824 e

256 1841 432 1875 Romanis
456 1841 650 1881 scripsisse
668 1841 867 1883 perhibuit,
897 1840 1097 1881 opinionem
1119 1840 1298 1873 refutavit
1314 1840 1474 1872 Flattus
1495 1839 1646 1879 Progr.:

257 1888 435 1922 Nonnulla
452 1890 500 1921 ad
517 1888 761 1928 quaestionem
780 1888 825 1919 de
845 1890 1027 1929 tempore,
1069 1895 1138 1929 quo
1156 1883 1195 1919 P.
1223 1887 1270 1918 ad
1289 1887 1391 1918 Rom.
1419 1894 1476 1925 ep.
1505 1884 1647 1924 scripta

259 1935 329 1975 sit,
352 1935 584 1974 pertinentia.
628 1934 775 1976 Tilliiiig.
797 1934 911 1968 1798..
959 1934 1156 1974 Perperam
1180 1935 1301 1964 autem
1321 1932 1481 1964 Paulum
1497 1929 1648 1962 Heidel-

258 1982 475 2022 bergensem
494 1982 664 2021 (Progr.:
700 1982 754 2013 De
773 1980 973 2021 originibus
994 1990 1051 2019 ep.
1075 1978 1250 2012 Paulinae
1267 1979 1313 2010 ad
1331 1979 1434 2010 Rom.
1453 1975 1647 2015 Paralipo-

259 2035 378 2061 mena.
418 2029 534 2060 Jenae
553 2027 654 2060 1801.
672 2026 707 2061 4.
734 2027 842 2059 cl.1.:
883 2022 959 2059 &eg
977 2023 1111 2069 111163).
1130 2022 1271 2066 ssebtbt.
1300 2030 1344 2057 an
1370 2019 1421 2056 bie
1440 2018 1554 2057 &ab
1578 2018 1648 2055 unt>

260 2064 598 2116 mimetsstsbttsten.
633 2082 666 2112 p.
690 2075 767 2106 130.
796 2075 832 2105 et
858 2075 937 2104 321.
973 2069 1127 2114 seiten).
1149 2072 1271 2108 1831.)
1311 2071 1461 2102 Paulum
1479 2070 1546 2108 Ap.
1569 2068 1649 2107 epi-

200 2118 204 2122 “
260 2120 390 2153 stolam
408 2120 453 2151 ad
473 2121 576 2152 Rom.
595 2128 704 2161 quum
720 2120 761 2152 in
778 2120 908 2160 aliquo
930 2119 1089 2157 Illyriae
1107 2119 1240 2159 oppido
1259 2119 1475 2149 versaretur
1503 2122 1651 2154 compo-

245 2166 380 2199 ·suisse
398 2175 418 2198 e
435 2168 537 2199 Rom.
557 2165 613 2207 15,
633 2166 688 2198 19.
721 2165 908 2205 collegisse
929 2167 964 2196 et
988 2165 1219 2197 manifestum
1239 2168 1296 2195 est
1315 2164 1352 2195 et
1382 2160 1552 2202 permulti
1570 2168 1650 2192 mo-

259 2211 428 2245 nuerunt.
476 2214 613 2253 Nempe
633 2213 702 2251 Ap.
722 2213 824 2243 Rom.
848 2211 903 2254 15,
926 2213 979 2244 19.
1014 2212 1096 2243 loca
1124 2209 1389 2250 remotissima,
1422 2209 1459 2239 in
1487 2214 1580 2247 quae
1604 2206 1651 2238 ab

263 2258 526 2299 Hierosolymis
553 2258 736 2299 profectus
759 2258 958 2289 doctrinam
983 2257 1055 2289 div.
1084 2256 1295 2296 pertulisset
1316 2254 1502 2287 nominare
1520 2252 1648 2284 voluit.

263 2305 376 2338 Multo
392 2305 533 2346 longius
553 2307 673 2336 autem
694 2308 767 2335 tuin
787 2303 973 2343 Illyricum
991 2304 1036 2335 ab
1054 2301 1318 2341 Hierosolymis
1339 2300 1519 2340 distabat,
1543 2307 1651 2339 quam

264 2349 480 2392 Corinthus,
504 2354 599 2394 tum,
625 2351 658 2382 si
672 2352 776 2382 Rom.
789 2350 845 2392 15,
857 2352 912 2382 19.
938 2351 1110 2382 exclusos
1128 2347 1299 2380 terminos
1317 2346 1478 2387 putaris,
1500 2345 1652 2385 Illyriae

266 2396 369 2429 fines.
419 2397 599 2435 Quocirca
618 2398 687 2436 Ap.
707 2397 787 2428 sive
805 2395 965 2428 Corinthi
983 2396 1066 2427 sive
1085 2402 1296 2434 quocunque
1324 2392 1396 2424 alio
1419 2393 1497 2424 loco
1516 2391 1652 2423 consti—

266 2443 367 2474 tutus
386 2441 418 2474 si
435 2443 563 2475 ultima
578 2444 671 2485 loca,
696 2450 788 2483 quae
807 2442 1071 2482 Hierosolymis
1088 2440 1242 2473 termino
1259 2439 1348 2470 usus
1370 2438 1557 2471 doctrinae
1576 2438 1650 2469 div,

266 2488 448 2527 interpres
468 2489 628 2530 adiisset,
651 2490 837 2521 nominare
848 2489 974 2529 voluit,
996 2487 1158 2527 Illyriam
1176 2492 1379 2517 memorare
1389 2484 1521 2516 debuit.
1550 2484 1653 2523 Quae

268 2535 327 2566 vir
344 2533 600 2567 celeberrimus
617 2543 662 2566 ex
681 2535 979 2575 interpretatione
997 2534 1191 2565 verborum
1214 2533 1314 2565 Rom.
1333 2531 1388 2575 15,
1409 2534 1463 2564 19.
1485 2550 1530 2557 -—-
1558 2525 1652 2561 ὥστε

268 2589 316 2623 με
334 2574 408 2611 nino*
425 2574 658 2622 Ἰερουσαλήμ
676 2581 736 2612 καὶ
755 2577 876 2621 κύκλῳ
894 2580 1002 2622 μέχρι
1019 2578 1084 2612 τοῦ
1096 2576 1296 2620 Ἰλλυρικοῦ
1314 2575 1590 2618 πεπληρωκέναι
1609 2571 1653 2606 ro*

269 2623 486 2668 εὐαγγέλιον
500 2625 564 2657 τοῦ
585 2627 749 2666 Χριστοῦ
761 2651 769 2667 ,
805 2626 877 2668 qua
894 2635 963 2658 non
983 2626 1090 2658 aliam
1107 2625 1183 2656 vidi
1201 2625 1316 2665 magis
1335 2624 1463 2655 miram
1490 2624 1507 2659 (
1519 2637 1595 2661 η-
1615 2619 1653 2662 io

271 2668 416 2714 δαῦλα)
443 2676 509 2705 mm
537 2669 739 2713 Zetufolem
761 2670 840 2715 iper
863 2670 946 2706 uno
971 2667 1028 2705 im
1053 2666 1207 2705 §it-fel
1228 2667 1300 2704 big
1324 2666 1397 2708 (ἲ)
1426 2666 1461 2703 in
1485 2667 1563 2701 δας
1591 2663 1654 2706 gt.

271 2713 422 2760 inritum
438 2738 484 2743 -
500 2724 553 2750 mo
568 2713 616 2759 id>
632 2715 666 2759 fo
687 2716 766 2752 eben
786 2714 846 2751 bin
867 2738 913 2744 -
936 2709 1201 2760 noligsxttiq
1226 2715 1420 2765 gementiyt
1439 2734 1484 2740 -
1510 2709 1560 2747 im
1581 2710 1654 2746 nois

273 2760 342 2805 tetit
360 2760 470 2805 hasten
482 2759 600 2798 &inne
615 2760 797 2797 nerbreitet
811 2784 855 2790 -
869 2760 956 2806 habe
974 2758 1041 2796 bie
1060 2758 1548 2804 beitfiverfunbtgung
1571 2765 1654 2791 non

273 2808 292 2843 1>
304 2816 364 2843 em
392 2806 429 2844 Θ
441 2809 508 2842 ott
521 2816 540 2852 g
551 2816 565 2842 e
575 2806 619 2850 Ῐα
631 2806 673 2842 ib
683 2810 698 2842 t
709 2817 765 2843 en.
775 2807 814 2847 ”)
847 2809 1023 2850 opinionis
1052 2817 1142 2843 suae
1160 2809 1347 2850 praesidia
1374 2807 1521 2848 repetiit
1549 2805 1655 2846 digua

275 2864 345 2888 non
367 2858 472 2899 sunt,
505 2864 657 2896 quorum
675 2857 768 2891 ratio
787 2856 973 2891 habeatur.

181 2913 386 2948 Fritzsche
410 2915 475 2956 Ep.
495 2915 541 2948 ad
558 2916 659 2949 Rom.
1288 2898 1340 2952 (3
1358 2898 1373 2950 )
