1752 3347
199 187 279 230 162
478 181 854 226 EPISTULA
891 181 991 223 AD
1027 180 1388 225 ROMANOS

196 292 317 342 beat,
349 289 391 332 h.
409 304 449 333 e.
470 303 610 344 neque
632 287 793 343 probos
818 284 1247 383 hominesdpraemiis
1272 291 1396 328 ornet
1417 300 1469 328 ne
1502 301 1556 329 ue
1586 287 1665 329 im-

196 346 356 404 probos
375 346 528 404 poenis
549 345 742 386 mulctet.
799 342 920 384 Haec
945 340 996 385 P.
1052 342 1164 383 icere
1185 341 1380 383 voluisse
1409 355 1451 385 ν.
1511 374 1523 386 .
1552 349 1597 393 et
1622 344 1666 387 8.

193 403 365 446 docent.
424 401 541 444 Male
562 399 720 442 Rueck.
744 397 794 442 P.
818 399 863 442 h.
886 414 942 442 m.
966 398 1265 453 argumentari
1290 402 1442 455 putat:
1471 399 1669 456 alioquin

193 464 273 517 qui
298 458 426 518 judex
449 457 574 499 Deus
603 458 688 497 erit
715 456 963 507 hominum,
1003 453 1174 511 quando
1210 453 1354 496 uidem
1375 452 1571 513 judicem
1588 455 1668 511 ju-

190 510 302 559 stom}
326 530 422 556 esse
445 509 648 571 oportet?
679 511 778 556 Jam
803 527 932 569 quum
958 512 1098 560 Deum
1124 470 1316 571 juilicem
1349 511 1546 553 futurum
1571 526 1669 555 esse

192 573 410 614 hominum
432 570 584 626 negari
606 573 814 626 nequeat,
845 570 1025 612 exclusa
1047 568 1263 628 injustitia
1281 567 1433 626 “ustus
1463 568 1525 610 sit
1545 566 1670 612 Deus

192 643 370 670 necesse
396 633 480 671 est.
556 627 835 684 Superquam
873 626 989 669 enim
1022 625 1139 683 quod
1167 625 1309 669 Rnee·
1337 625 1396 667 rii
1427 625 1671 668 sententiae

194 701 232 728 v.
253 687 296 728 7.
316 691 360 727 et
378 684 421 728 8.
446 689 716 742 repugnant,
746 689 1066 738 argumentum,
1101 681 1216 739 quod
1240 682 1298 726 V.
1326 681 1380 724 D.
1404 696 1444 725 v·
1464 684 1509 725 G.
1531 682 1672 724 conti-

192 741 287 784 neri
305 741 498 799 putavit,
534 746 622 783 tam
643 744 762 782 esset
781 741 998 782 infirmum
1014 773 1026 793 ,
1063 746 1112 782 ut
1136 755 1148 781 (
1168 740 1279 781 uiris
1297 739 1430 780 facile
1462 739 1557 797 ejus
1584 738 1672 780 vim

194 799 476 854 infregisset,
507 812 638 854 quum
656 797 866 841 dixisset:
898 801 943 839 et
957 796 1071 856 justi
1095 755 1260 854 judices
1292 801 1393 838 sunt
1423 801 1466 837 et
1501 794 1673 853 injusti.

194 855 352 898 Potest
373 855 510 907 igitur
529 855 653 897 Deus
675 855 805 896 simul
828 853 1017 912 injustus
1040 847 1162 905 es'se,
1193 853 1325 895 simul
1353 852 1573 894 hominum
1598 851 1672 912 ju·-

196 912 295 956 deX.
356 912 462 954 Tali
491 913 771 968 obloquutori
801 905 918 953 latus
948 911 1206 968 praebuisse
1239 907 1290 952 P.
1321 910 1673 965 quotusquisque

197 969 283 1012 sibi
303 968 592 1028 persuadeat,
623 983 753 1025 quum
773 969 1031 1026 praesertim
1061 972 1184 1009 extra
1214 966 1346 1008 ictum
1375 980 1472 1007 esse
1502 964 1671 1021 potuis-

197 1032 287 1079 set,
317 1026 355 1068 si
380 1026 657 1084 scripsisset:
690 1024 788 1067 ἐπεὶ
809 1027 904 1073 πῶς
934 1022 1170 1073 δικαίως
1199 1024 1379 1076 κρινεῖ
1407 1019 1430 1062 ὁ
1461 1019 1572 1070 θεὸς
1597 1022 1676 1064 τὸν

199 1080 388 1137 uocum),-
421 1098 458 1126 S.
481 1082 579 1126 ἐπεὶ
602 1082 691 1123 ποῦ
712 1078 735 1136 1²2
759 1079 1059 1135 ὁικαιοκρισία
1081 1085 1158 1121 τοῦ
1192 1078 1303 1120 θεοῦ
1333 1076 1483 1129 ε”σταις
1521 1077 1674 1133 (Rom.

197 1140 332 1197 2‚5.).
398 1139 514 1182 Tum
547 1153 776 1197 perperam
810 1136 1088 1188 Limborch„
1128 1135 1299 1190 Kopp„
1340 1134 1478 1179 Ftatr.
1509 1135 1568 1178 al.
1599 1134 1676 1176 τὸν

200 1194 364 1250 κόσμον
380 1197 568 1240 homines
589 1210 733 1237 rernm
749 1195 832 1237 cliv.
857 1194 1030 1249 {quares
1051 1197 1093 1235 et
1111 1207 1267 1247 praees
1298 1190 1329 1234 i.
1360 1206 1398 1235 e.
1429 1191 1619 1234 homines
1647 1206 1675 1233 a

200 1254 360 1297 Christi
378 1253 603 1307 disciplina
623 1252 808 1303 alienos,
849 1249 924 1306 qui
951 1249 1023 1291 ubi
1049 1248 1230 1293 Judaeis
1261 1263 1285 1291 o
1320 1253 1542 1305 ponuntur
1571 1252 1676 1290 sunt

200 1310 390 1366 gentiles
410 1310 561 1363 (Rom.
586 1310 652 1359 11,
670 1308 784 1358 12.)‚
815 1307 1186 1364 interpretantur,
1219 1310 1264 1348 ut
1328 1338 1338 1349 .
1369 1305 1425 1347 ad
1453 1304 1674 1364 praejildi-

198 1371 319 1410 catas
339 1366 606 1410 Judaeorum
627 1365 857 1422 opiniones
886 1363 1156 1405 descendens
1187 1363 1267 1405 hoe
1297 1362 1437 1406 dicat:
1477 1361 1676 1419 alioquin

201 1427 280 1481 qui
298 1423 490 1465 homines
507 1436 721 1477 flammo-e,
754 1421 913 1478 quibus
933 1436 1025 1474 νος,
1058 1419 1232 1473 Judaei,
1263 1420 1549 1475 gravissimas
1602 1433 1675 1462 oe·-

202 1495 280 1523 nas
301 1479 534 1521 destinatis
558 1479 635 1533 (cf.
656 1483 746 1521 not.
780 1477 834 1519 ad
855 1477 1013 1520 Matth.
1043 1493 1084 1535 p.
1110 1479 1229 1530 130.)
1257 1492 1335 1519 suo
1359 1476 1484 1519 Deus
1505 1477 1555 1536 ju
1592 1476 1686 1518 icio>

201 1537 430 1579 submittet
448 1535 663 1593 supplicia
693 1534 745 1576 de
778 1535 832 1576 iis
861 1541 1110 1585 sumturus,
1146 1533 1497 1589 quandoquidem
1529 1533 1675 1588 genti-

199 1595 308 1636 lium
329 1607 502 1650 quoque
522 1595 695 1649 peccata
720 1592 827 1632 hanc
847 1591 931 1633 vim
957 1591 1140 1641 hahent,
1171 1595 1218 1631 ut
1238 1589 1325 1632 Dei
1353 1590 1567 1634 sanctitas
1596 1604 1673 1632 ex·

201 1644 511 1708 splendescat?
541 1647 655 1690 Nam
677 1647 936 1690 adversatur
955 1647 1044 1687 illis
1069 1646 1383 1703 interpretibus
1405 1653 1448 1688 et
1473 1651 1673 1689 contexta

203 1707 346 1750 oratio
368 1708 430 1762 (v.
449 1707 492 1748 7.
511 1712 555 1747 et
572 1705 639 1758 8.)
658 1711 701 1745 et
723 1720 762 1748 v.
783 1703 910 1756 ordo,
950 1704 1024 1759 qui
1049 1703 1153 1745 talis
1177 1719 1276 1745 esse
1307 1703 1542 1746 debuerat:
1572 1702 1677 1746 ἐπεὶ

203 1762 407 1813 πῶςτὸν
433 1759 641 1814 κόσμον
665 1755 688 1799 ὅ
714 1760 823 1810 θεὸς
842 1765 1001 1815 κρινεῖς
1033 1760 1163 1802 Adde
1195 1759 1313 1817 quod
1332 1762 1425 1818 Ap.
1456 1761 1499 1805 h.
1528 1761 1561 1805 l.
1589 1774 1675 1803 non

202 1835 297 1863 cum
325 1818 508 1864 Iudaeis
538 1818 758 1875 disputat,
807 1817 963 1874 quibus
1002 1817 1261 1859 invisissimi
1287 1824 1437 1859 essent
1468 1817 1677 1872 gentiles,

203 1876 281 1919 sed
300 1891 394 1918 cum
416 1875 663 1917 hominibus
686 1875 839 1917 christ.
861 1875 974 1929 agit,
1018 1889 1128 1930 quos
1158 1889 1241 1916 non
1267 1880 1437 1916 tautum
1466 1875 1509 1916 in
1539 1889 1676 1932 paga-

204 1948 282 1976 nos
305 1933 451 1975 odium
472 1932 724 1988 concepisse
741 1930 884 1982 credo,
908 1935 958 1972 ut
974 1930 1148 1986 quidvis
1170 1931 1256 1973 sibi
1276 1931 1398 1988 prius
1419 1932 1676 1988 extorqueri

205 1994 483 2049 paterentur,
523 2003 651 2046 quam
678 1987 846 2029 dulcem
875 1986 1076 2029 videlicet
1104 2003 1246 2044 spem,
1286 1988 1381 2030 sore
1411 1995 1460 2030 ut
1485 1988 1676 2043 gentiles

203 2047 505 2090 atrocissimas
538 2060 700 2103 poenas
730 2044 900 2087 darent.
970 2044 1172 2087 Ceterum
1205 2043 1320 2101 quod
1355 2045 1554 2088 Tlmlncc.
1578 2045 1675 2088 Cla-

204 2107 315 2148 rium
334 2105 445 2145 hunc
468 2117 534 2146 vs,
557 2104 619 2144 sic
646 2103 907 2159 explanasse
949 2101 1182 2145 mrbibuit:
1220 2101 1417 2159 alioquin
1449 2105 1526 2158 qui
1555 2102 1677 2144 Deus

204 2161 406 2204 mundum
424 2158 665 2218 judicabit,
696 2174 821 2215 quem
845 2174 919 2200 nas
937 2116 1019 2199 lloc
1039 2164 1165 2215 pacto
1184 2159 1346 2201 rectius
1361 2157 1680 2217 judicaremus,

203 2234 385 2275 quorum
407 2216 667 2274 prodessent
689 2211 896 2273 peccata?
925 2222 1070 2257 tantas
1101 2215 1456 2272 ineptias‘Clario
1486 2216 1528 2257 in
1558 2230 1678 2258 men-

202 2282 286 2318 tem
309 2275 481 2318 venisse
507 2289 560 2314 ne
590 2272 760 2316 eredas,
820 2273 913 2314 lmo
946 2273 1146 2316 Tholucc.
1175 2273 1301 2329 plana
1330 2272 1464 2315 Clarii
1494 2287 1534 2316 v.
1565 2287 1620 2315 ne
1653 2287 1677 2314 e

205 2333 372 2388 longius
390 2346 443 2374 uo
465 2330 638 2387 quidem
658 2335 924 2385 assequutus
947 2335 1057 2372 erat.
1125 2329 1317 2372 Clarius:
1350 2327 1439 2380 „Si
1462 2330 1575 2373 euim
1598 2330 1677 2372 hoc

202 2390 280 2444 (cf.
299 2405 339 2433 v.
361 2347 425 2443 ὲ.)
455 2387 790 2439 concederetur,
833 2387 1008 2444 impune
1037 2401 1214 2443 peceare
1244 2386 1420 2439 liceret,
1454 2401 1532 2429 nec
1551 2385 1677 2442 judi-

202 2461 301 2488 care
329 2446 533 2488 mundum.
566 2446 683 2486 Deus
711 2448 875 2499 posset,
920 2444 994 2500 qui
1024 2444 1076 2499 (i.
1107 2458 1145 2486 e.
1178 2443 1322 2489 Dens:
1360 2457 1444 2485 non
1476 2444 1675 2495 nmmius)

205 2503 350 2559 potius
370 2503 488 2545 nobis
509 2502 678 2544 deberet
699 2503 714 2556 (
723 2501 764 2544 h.
787 2516 824 2543 e.
844 2501 1054 2555 obliquam
1072 2504 1180 2541 esset
1201 2499 1400 2553 beneficio
1416 2532 1428 2552 ,
1467 2513 1579 2542 non:
1605 2498 1676 2554 qui

202 2560 380 2601 mundns
398 2574 424 2600 a
450 2559 569 2600 nobis
595 2559 739 2613 potins
761 2556 957 2612 judicari
983 2556 1218 2605 deberem),
1260 2557 1299 2597 si
1334 2555 1602 2599 mendacium
1631 2560 1675 2595 et

203 2616 345 2655 seclus
366 2620 561 2657 nostrum
591 2615 818 2656 veritatmu
852 2613 1068 2670 fidemque
1091 2612 1174 2653 Dei
1206 2613 1369 2654 faceret
1399 2610 1673 2654 clariorem.''

203 2673 415 2712 Seu-enta
459 2672 588 2730 hujus
626 2672 800 2726 generis
841 2677 1015 2727 peccata
1052 2670 1297 2711 Tholuecio
1347 2670 1673 2727 exprobrarem,

201 2728 285 2769 nisi
311 2729 474 2770 talibus
496 2729 722 2770 erroribus
744 2727 1001 2782 detegendis
1029 2727 1221 2769 chartam
1253 2727 1397 2783 inepte
1429 2724 1672 2782 perderem.

207 2786 261 2830 V.
280 2786 323 2829 7.
347 2790 385 2826 et
409 2786 450 2826 S.
500 2786 770 2827 Sententiam
793 2801 831 2829 v.
851 2788 892 2827 (ἰ.
917 2785 1157 2842 prolatam,
1194 2785 1290 2826 tieri
1316 2797 1399 2824 non
1430 2796 1583 2838 posse,
1627 2787 1673 2821 ut

200 2843 237 2884 si
260 2857 359 2885 vcra
380 2842 438 2884 sitv
459 2842 775 2895 :wguuwutatio
801 2858 838 2885 v.
858 2842 899 2885 5.
914 2876 925 2891 ,
967 2841 1090 2884 Deus
1109 2840 1161 2883 de
1186 2838 1430 2883 hominibus
1454 2837 1673 2895 judicium
