1752 3347
183 93 269 135 366
469 84 849 129 EPISTOLA
882 85 986 127 AD
1018 83 1384 130 ROMANOS

183 198 282 241 tura
301 193 587 235 cohaerentes
600 224 612 244 ‚
649 192 762 234 male
782 189 971 234 Paulum
992 189 1262 232 distraxisse
1282 189 1432 234 Reich.
1450 191 1664 239 obtendit.

184 251 386 303 Sufficit,
416 248 535 305 quod
555 254 790 305 utrumque
815 248 1070 304 coqitatione
1089 246 1243 289 divelli
1261 251 1426 305 potest.
1485 246 1576 291 Sed
1596 264 1665 293 re-

182 315 251 352 cte
272 306 324 350 P.
341 307 553 362 loquutus
575 311 668 359 est,
704 305 831 364 cujus
851 305 995 347 oratio
1023 303 1318 347 similitudine
1338 303 1536 347 detracta
1557 304 1668 348 hane

184 364 452 408 sententiam
472 363 817 420 complectatur:
844 361 1066 420 baptismo
1099 366 1304 419 suscepto
1331 361 1571 419 pristinum
1600 362 1668 404 in-

181 422 360 480 genium
381 420 585 463 exuimus
599 453 611 474 ,
641 425 689 462 ut
710 434 847 462 novos
866 434 1010 462 mores
1031 419 1182 476 potius
1205 417 1504 471 indueremus,
1566 433 1668 462 uam

182 479 240 523 ad
257 477 370 522 illud
386 476 659 531 rediremus,
696 475 814 534 quod
833 476 1032 534 improbe
1051 477 1313 520 faceremus.
1370 431 1670 532 Jaspfs.(i³au-

181 539 275 580 lum
304 534 476 578 duobus
510 534 856 592 comparationis
894 534 1102 576 memhris
1144 548 1224 591 pro
1261 538 1473 590 quattuor
1506 532 1669 576 locatis

183 593 360 638 concise
380 592 620 650 scripsisse
648 591 880 650 opinatur:
929 589 1000 633 ἵνα
1029 587 1176 646 ὥςπερ
1203 586 1375 647 ἠγέρθη
1399 590 1599 645 Χριστὸς
1621 587 1669 632 ἐκ

183 651 347 708 νεκρῶν
376 675 430 681 —
468 649 563 690 καὶ
601 647 1037 707 περιεπάτησεν
1073 645 1126 690 ἐν
1159 643 1461 702 καινότητι
1504 645 1668 702 ζωῆς,

187 708 306 750 οὕτω
332 706 406 748 καὶ
437 702 562 768 ἡμεῖς
602 703 1043 762 συνεγερῧέντες
1089 700 1236 759 αὐτῷ
1276 702 1332 745 ἐκ
1371 704 1582 758 νεκρῶν
1622 700 1669 745 ἐν

185 761 414 818 καινότητι
444 763 560 818 ζωῆς
583 760 977 819 περιπατήσωμεν.
1044 761 1238 803 Tantam
1264 774 1369 802 vero
1391 758 1670 814 diligentiam

219 820 288 862 uia
303 818 460 879 jejuna
480 823 574 872 est,
611 833 664 861 ne
689 819 844 877 optimi
869 817 1047 875 quidem
1073 818 1318 874 scriptores
1345 823 1670 860 consectantur.

225 877 414 919 hristum
453 873 692 931 ἐγερθέντα
732 873 783 918 ἐν
824 875 926 932 ζωῇ
966 875 1367 930 περιπατῆσαι
1404 887 1478 914 res
1519 872 1672 925 docet3

183 935 291 977 item
323 933 525 975 homines
564 938 758 975 mortuos
787 938 831 975 et
866 932 1053 987 sepultos
1081 945 1167 972 non
1207 944 1339 987 posse
1368 927 1413 972 ἐν
1443 927 1673 985 καινότητι

187 992 302 1045 ζωῆς
331 992 596 1046 περιπατεῖν
627 989 710 1031 nisi
737 990 781 1031 in
810 989 943 1032 vitam
965 988 1188 1030 restitutos
1219 987 1366 1044 quivis
1398 988 1671 1044 assequitur.

185 1045 310 1103 „Ata
339 1048 418 1102 τῆς
450 1045 583 1102 δόξης
610 1046 691 1087 τοῦ
720 1045 891 1103 πατρός
924 1046 1054 1101 [quae
1080 1059 1119 1086 v.
1142 1059 1227 1088 om.
1249 1042 1370 1086 Iren.
1389 1045 1433 1097 3,
1454 1045 1524 1088 16.
1555 1043 1674 1086 Ter-

185 1106 314 1157 tull.‚
355 1103 562 1157 Pacian„
601 1101 823 1146 Gaudent.
856 1103 1159 1158 Chromatius]
1196 1106 1264 1144 est
1294 1106 1420 1144 vetus
1455 1101 1673 1145 scholion.

186 1161 332 1206 Nemo
354 1166 473 1204 certe
506 1175 548 1205 v.
574 1164 664 1202 tam
694 1160 887 1215 insignia
910 1159 1333 1217 praetermitteret.”
1398 1157 1521 1202 Mill.
1547 1156 1673 1202 Prol.

187 1222 230 1275 ᾧ.
252 1219 355 1263 451.
416 1217 846 1261 Praetermittuntur
869 1217 1077 1274 quoniam
1098 1214 1155 1258 ad
1179 1215 1426 1259 sententiae
1446 1216 1673 1273 paullinae

183 1277 488 1332 integritatem
510 1289 595 1317 non
619 1289 804 1332 prorsus
827 1275 1079 1316 necessaria
1105 1278 1223 1317 sunt.
1257 1299 1310 1306 -
1351 1272 1426 1315 διὰ
1442 1274 1521 1327 τῆς
1542 1269 1675 1327 δόξης

183 1349 224 1376 τ.
242 1335 312 1388 π.]
346 1333 594 1375 Theodorei.
615 1332 694 1388 (cf.
721 1331 952 1387 leeoplayl.
975 1337 1018 1373 et
1038 1331 1136 1374 Chr.
1159 1331 1231 1374 Fr.
1251 1330 1440 1374 Schmid.
1470 1329 1546 1386 qui
1574 1343 1675 1371 ma-

177 1391 387 1450 jestatem
421 1388 563 1446 patris
598 1388 920 1446 interpretatur
952 1388 1228 1446 majestatem
1259 1403 1283 1429 a
1309 1393 1438 1445 patre
1472 1388 1516 1428 ιἰι
1551 1385 1674 1430 Chri-

183 1453 297 1491 stum
321 1446 415 1503 [ubi
433 1447 540 1488 haec
552 1440 594 1501 ⁶2]
620 1447 869 1502 collatam:
916 1439 1050 1496 δόξαν
1069 1447 1150 1487 τοῦ
1177 1445 1349 1498 πατρὸς
1378 1440 1455 1500 τιῖν
1475 1442 1673 1499 θεότητα

184 1504 309 1546 καλεῖ
329 1504 409 1545 τοῦ
429 1505 516 1559 Χρ.
531 1535 544 1556 ,
584 1502 702 1558 quod
722 1505 830 1545 mire
852 1503 1024 1545 munire
1044 1506 1229 1544 conatur
1249 1502 1361 1559 Eph.
1385 1503 1425 1554 l,
1448 1501 1517 1544 17.
1543 1497 1564 1543 ὁ
1587 1515 1674 1541 πα-

184 1559 269 1617 τὴρ
290 1562 370 1617 τῆς
399 1558 531 1615 δόξης
559 1560 711 1616 (pater
739 1559 990 1615 majestatis
1019 1559 1050 1602 i.
1075 1573 1114 1602 e.
1144 1557 1382 1614 majestate
1400 1557 1675 1612 conspiciat-3)

187 1617 441 1675 explicans:
471 1622 601 1673 pater
621 1617 790 1660 divinae
812 1616 972 1659 Christi
991 1621 1193 1658 ›man-ae.
1233 1615 1300 1658 At
1312 1615 1433 1657 Deus
1446 1613 1674 1657 Christum

182 1675 230 1716 in
247 1675 381 1716 vitam
402 1673 645 1726 revocavit,
675 1688 763 1715 non
785 1672 992 1716 Christus
1013 1672 1256 1725 Christum,
1285 1678 1361 1714 aut
1382 1670 1530 1713 divina
1545 1669 1676 1714 Chri-

185 1731 245 1774 sti
266 1738 422 1773 natura
446 1729 677 1772 humanam
698 1732 790 1786 (10,
811 1731 854 1774 9.
889 1731 912 1771 1
934 1730 1038 1773 Cor.
1060 1731 1102 1782 6,
1126 1729 1196 1772 14.
1230 1729 1297 1778 15,
1319 1729 1387 1772 15.
1420 1727 1535 1784 Eph.
1551 1727 1673 1780 1‚20.

186 1791 212 1831 1
234 1788 402 1830 Thess.
428 1788 468 1839 1,
501 1787 570 1830 10.
592 1787 652 1829 al.
681 1802 778 1828 cum
811 1786 973 1842 quibus
996 1789 1036 1830 l.
1056 1785 1158 1829 Joh.
1182 1787 1261 1837 10,
1290 1785 1359 1829 18.
1389 1785 1566 1826 minime
1594 1798 1675 1841 pu-

183 1846 326 1902 gnat).
384 1841 488 1886 Non
509 1844 675 1884 rectius
695 1843 819 1884 Beza
839 1843 895 1886 cl.
909 1856 949 1885 v,
964 1844 1033 1885 10.
1055 1842 1285 1899 exposuit:
1322 1842 1367 1882 in
1388 1841 1575 1895 gloriam
1597 1855 1675 1896 pa·-

183 1903 270 1945 tris
290 1903 321 1946 i.
341 1916 380 1945 e.
412 1904 462 1942 ut
491 1898 697 1957 deposita
728 1899 876 1940 carnis
906 1903 1131 1940 assumtae
1153 1898 1412 1940 infirmitate
1435 1898 1610 1939 intrans
1630 1897 1676 1939 in

185 1959 376 2017 gloriam
406 1957 551 2015 patris
577 1957 805 2013 gloriosus
826 1956 925 1998 Deo
955 1956 1126 1997 viveret
1152 1955 1197 1997 in
1219 1959 1466 1999 aeternum.
1549 1953 1677 1996 Haeo

185 2018 302 2061 enim
334 2014 555 2058 sententia
585 2030 610 2055 a
643 2012 698 2058 P.
729 2013 879 2056 verbis
912 2013 1188 2055 alienissima
1219 2018 1304 2056 est.
1391 2011 1513 2067 Quin
1541 2010 1675 2054 etiam

185 2089 305 2118 voce.
339 2071 404 2122 εἰς
432 2070 563 2122 δόξαν
586 2073 667 2114 τοῦ
694 2071 868 2128 πατρός
896 2070 986 2125 (15,
1009 2072 1075 2124 7.)
1107 2086 1144 2114 S.
1166 2071 1227 2125 τῷ
1249 2070 1385 2124 πατρὶ
1406 2068 1522 2122 πρὸς
1542 2066 1676 2120 δόξαν

184 2132 234 2185 (2
248 2131 351 2176 Cor.
377 2130 520 2185 1,20.)
542 2129 623 2170 hoc
649 2127 950 2170 tantummodo
973 2127 1192 2171 dicerent:
1224 2126 1267 2168 in
1288 2127 1430 2185 patris
1451 2126 1675 2169 honorem.

184 2188 293 2232 Nisi
320 2192 464 2229 antem
489 2187 576 2228 isto
609 2184 737 2228 modo
758 2186 853 2242 Ap.
883 2200 923 2229 τ.
944 2185 1139 2243 ceperis,
1184 2187 1263 2240 qui
1294 2190 1500 2226 constare
1530 2181 1674 2240 possit

186 2248 326 2289 altera
350 2259 456 2302 pars
484 2243 740 2286 collationis
773 2243 841 2297 (ἐν
873 2240 1100 2298 κατι-ότι,
1119 2258 1163 2283 τι
1203 2242 1336 2297 ζωῆς)
1357 2247 1432 2283 aut
1463 2254 1674 2297 quorsum

185 2305 258 2346 hic
280 2305 589 2344 commemoret
609 2298 662 2344 P.
683 2298 806 2355 cujus
827 2300 990 2342 virtute
1002 2299 1210 2343 Christus
1231 2299 1364 2341 vitam
1387 2297 1606 2354 receperit
1625 2311 1673 2355 se

186 2360 337 2403 videre
360 2359 486 2401 Bcza
507 2362 655 2413 negat.
716 2357 819 2400 Non
840 2357 978 2412 igitur
998 2356 1092 2414 Ap.
1111 2357 1276 2413 optime
1298 2371 1338 2401 v.
1362 2355 1599 2410 delegisse,
1625 2359 1675 2396 ut

187 2418 319 2460 aliam
339 2417 456 2459 vitae
482 2415 663 2459 Christo
682 2413 905 2467 redditae,
946 2415 1078 2457 aliam
1103 2415 1221 2457 vitae
1249 2413 1377 2456 nobis
1400 2428 1532 2470 quum
1559 2410 1675 2455 revi-

186 2476 385 2517 xerimus
406 2471 632 2528 degendae
653 2473 869 2514 rationem
891 2486 988 2513 esse
1008 2470 1245 2523 indicaret,
1275 2472 1400 2513 Ηυξ-ιι
1422 2468 1676 2512 considera-

188 2532 269 2576 vit.
328 2530 444 2573 Nam
468 2530 693 2573 Christum
719 2530 763 2571 in
792 2529 923 2572 vitam
953 2528 1173 2585 physicam
1201 2528 1342 2585 patris
1372 2526 1586 2587 majestas
1604 2541 1676 2568 re·-

189 2588 360 2640 stituit3
399 2587 525 2630 nobis
548 2587 777 2646 sepultura
801 2586 970 2628 affectis
991 2587 1078 2628 vita
1103 2584 1294 2627 ineunda
1317 2590 1384 2628 est
1411 2600 1495 2627 nun
1520 2583 1675 2642 pristi-

159 2668 164 2673 -
188 2661 269 2700 na,
299 2660 410 2702 quae
431 2645 622 2702 peccatis
644 2644 936 2687 contaminata
959 2648 1070 2695 erat,
1101 2642 1178 2685 sed
1202 2657 1309 2685 nova
1324 2676 1337 2694 ,
1368 2657 1497 2699 quam
1518 2639 1673 2683 virtuti

187 2717 510 2746 consecremus.
577 2702 695 2744 Tum
729 2702 856 2744 multi
893 2702 1163 2758 interpretes
1196 2706 1270 2742 aut
1302 2699 1375 2754 [ἢν
1405 2696 1538 2750 δόξαν
1568 2698 1672 2740 sim-

190 2760 368 2819 pliciter
396 2759 427 2804 i.
448 2773 492 2815 q.
520 2756 596 2815 τήν
616 2757 798 2813 δύναμιν
821 2758 967 2801 valere
992 2762 1207 2817 putarunt
1233 2758 1422 2813 (δῖοί-,τη
1466 2757 1590 2809 Jasp.
1610 2755 1671 2798 al.
