1752 3347
520 105 611 150 CA
626 102 680 150 P.
712 104 772 150 V.
821 103 911 150 γε.
940 104 1031 148 20..
1434 103 1519 147 351

0 237 1 240 =
43 215 231 274 ejusque
263 214 483 258 notionem
509 213 765 271 amplificat.
830 210 906 254 Sic
932 207 1242 266 ὖπεραγαπάιο
1270 212 1395 252 notat
1417 211 1519 267 plus

0 284 3 325 ς
42 265 161 340 facio
191 287 319 330 quam
347 271 478 327 diliqo
501 271 533 314 i.
552 286 592 314 e.
622 284 755 327 supra
784 268 981 321 modum,
1010 268 1207 325 impense
1228 266 1388 322 diligo.
1444 265 1519 313 Cf.

1 361 3 367 .
42 325 331 385 υπεραιμόω,
380 324 722 384 ὑπερπλουτέω,
769 321 1130 379 ὑπερθαυμάζω,
1169 321 1519 380 ὑπερμεᾶύσκο-

41 400 149 438 μαι,
183 381 464 440 ὑπερυβρίζω
484 388 527 425 ct
547 385 682 425 multa
705 383 809 426 alia.
863 382 946 424 Est
971 382 1110 435 igitur
1142 377 1516 437 ὑπερπερισσεύω

2 448 3 456 ’
40 454 175 496 supra
195 441 389 491 modum,
418 440 541 481 valde
567 441 771 482 redundo.
830 438 1148 495 Frequentavit
1175 438 1309 495 huz-jus
1334 439 1515 491 generis

40 509 159 538 vocc.
186 492 241 537 P.
266 491 504 550 (ὑπερλίαν
520 494 549 534 2
569 494 672 537 Cor.
696 497 772 544 11,
796 494 838 537 5.
853 526 863 541 ,
908 490 1257 549 ὑπερπλεονάζιτο
1289 496 1314 534 1
1333 495 1453 538 Tim.
1475 497 1516 547 l,

39 551 139 603 14„
170 545 616 607 ὑπερπερισσεύομαι
641 550 669 590 2
687 549 791 593 Cor.
813 551 856 601 7,
873 550 942 602 4.,
980 547 1271 604 ὑπεραυξάνει)
1298 550 1327 590 2
1347 549 1514 595 Thess.

0 611 5 650 i
40 609 82 661 1,
101 607 168 661 3.‚
207 601 458 660 ὑπερνικάω
477 604 606 648 Rom.
625 606 674 658 8,
695 606 790 658 37„
827 601 1077 663 ὑπερυψόω
1100 604 1220 649 Phil.
1241 606 1284 659 2,
1307 607 1397 660 9.),
1425 621 1514 649 non

0 707 4 719 ¹,
38 662 156 722 quod
182 662 240 704 iis
266 661 581 715 delectaretur,
627 662 705 704 scd
733 662 836 719 quia
863 662 931 704 vir
961 661 1192 704 vehemens
1222 664 1383 706 matura
1405 663 1513 706 duce

2 730 3 734 ’
39 735 120 763 sua
141 719 334 776 cogitata
361 718 572 773 gravibus
601 733 643 762 v.
664 719 924 762 enuntiavit.
983 717 1074 762 Cur
1093 720 1186 775 Ap.
1206 716 1516 776 ὑπερεπερίσ-

0 787 4 823 5
35 791 192 820 σευσεν
230 790 357 833 quam
389 772 773 833 ὑπερεπλεόνασεν
806 775 1001 818 scribere
1040 775 1271 828 maluerit,
1320 776 1417 836 ejus
1448 778 1516 820 rei

1 826 4 838 ⁴
35 834 233 877 rationes
272 833 420 875 afferri
459 838 647 890 possunt
687 833 801 875 satis
838 832 1109 891 prohabiles.
1172 831 1348 890 Nempe
1376 834 1517 877 ambi-

0 909 2 939 g
35 906 169 947 guum
194 889 578 947 ὑπερεπλεόνασεν
605 889 790 943 fuisset,
819 890 982 948 quippe
1012 887 1130 946 quod
1160 889 1206 931 in
1238 890 1352 933 hunc
1378 892 1513 934 intel-

0 963 5 992 ξι
32 949 197 991 lectum
224 947 334 989 ferri
359 946 604 1003 potuisset:
650 952 900 1003 superatam
929 961 1021 989 esse
1057 951 1338 1004 peccatorum
1371 949 1513 991 abun-

0 1016 6 1039 ?
33 1004 231 1048 dantiam
252 1002 522 1045 abundantia
542 1004 800 1047 clementiae
827 1007 890 1060 (v.
909 1006 1081 1061 supra).
1137 1003 1317 1047 Deinde
1345 1020 1513 1063 περισ-

0 1065 3 1109 ὶ
33 1058 176 1115 σεύω,
217 1061 318 1118 quia
351 1060 496 1117 ipsum
527 1060 750 1103 abundare
782 1067 928 1114 notat,
956 1061 1106 1118 paullo
1133 1061 1298 1103 fortius
1325 1076 1419 1106 voc.
1441 1066 1513 1105 est

0 1124 2 1154 l
33 1133 166 1175 quam
184 1117 438 1170 πλεονάζω,
472 1116 588 1173 quod
607 1133 693 1160 non
713 1118 801 1160 nisi
821 1133 902 1176 per
924 1118 1297 1175 comparationem
1325 1118 1511 1164 candem

0 1155 3 1244 ι
32 1175 254 1218 notionem
273 1174 604 1230 complectitur:
634 1171 870 1226 πλεονάζει
887 1177 988 1233 plus
1008 1174 1138 1217 adest
1166 1190 1241 1232 np.
1269 1190 1400 1232 quam
1422 1191 1511 1233 quo

0 1240 5 1255 ·’
30 1247 145 1290 opus
173 1232 256 1285 sit,
286 1231 352 1273 rei
375 1230 644 1273 abundantia
666 1236 750 1275 est.
809 1232 928 1275 Hinc
957 1231 1009 1275 P.
1031 1234 1055 1275 l
1070 1232 1237 1276 Thess.
1255 1233 1298 1285 3,
1318 1233 1390 1277 12.
1420 1248 1510 1275 πε-

4 1298 5 1301 ’
31 1286 224 1344 ρισσεύω
253 1292 301 1330 ut
327 1287 509 1343 gravius
540 1302 634 1332 voc.
665 1292 768 1346 post
796 1287 1028 1341 πλεονάζω
1057 1290 1247 1331 collocat
1272 1294 1318 1332 et
1344 1290 1399 1332 de
1417 1289 1509 1336 div.

4 1377 5 1382 ,
28 1345 317 1388 beneficentia
336 1344 564 1387 disserens
581 1346 860 1402 frequentius
880 1343 1133 1402 περισσεύω
1155 1351 1346 1404 usurpat
1361 1349 1424 1404 (v.
1438 1346 1511 1393 15.

0 1431 5 1478 ἰ
30 1402 62 1444 2
80 1402 183 1446 Cor.
200 1403 252 1456 9,
278 1401 321 1445 8.
362 1401 477 1459 Eph.
500 1404 549 1455 l,
578 1402 646 1456 8.)
685 1417 813 1458 quam
850 1399 1081 1454 πλεονάζει)
1122 1404 1172 1458 (2
1189 1403 1293 1446 Cor.
1313 1404 1369 1458 4,
1398 1403 1509 1460 15.).

5 1459 7 1465 '
27 1459 119 1502 Hic
141 1472 314 1516 quoque
333 1457 422 1501 div.
444 1458 732 1500 liberalitatis
753 1459 1023 1515 opulentiam
1047 1459 1174 1514 gravi
1193 1460 1328 1502 verbo
1359 1459 1509 1503 decla-

5 1530 129 1566 ,rare
154 1515 351 1558 voluisse
384 1514 574 1558 videtur.
632 1514 847 1556 Fortasse
871 1516 1004 1557 etiam
1030 1516 1343 1559 vocabulorum
1366 1532 1410 1562 v.
1434 1519 1507 1564 15.

6 1572 183 1629 ᾎπολλῴ
199 1571 369 1625 μᾶλλον
387 1565 412 1625 ἡ
428 1567 558 1626 χάρις
585 1571 666 1612 τοῦ
690 1572 806 1613 θεοῦ
832 1592 896 1618 —s
914 1568 981 1620 εἷς
1010 1570 1115 1622 τοὺς
1143 1573 1340 1624 πολλοὺς
1366 1573 1506 1618 ἑπε-

7 1626 298 1685 ,ρίσσευσε
345 1628 562 1670 rationem
600 1627 773 1672 habuit.
815 1651 873 1659 —-
948 1625 1145 1670 Prorsus
1192 1635 1507 1687 perverterunt

7 1685 142 1728 ‘hunc
166 1683 226 1738 l.,‘
263 1683 365 1754 gui,
405 1686 454 1726 ut
485 1698 628 1742 nuper
657 1684 846 1740 Jaspis„
893 1684 1043 1727 verbis
1073 1680 1125 1728 οὗ
1155 1686 1204 1728 δὲ
1234 1683 1336 1730 ἐπλ,
1367 1683 1392 1744 ἡ
1425 1685 1501 1741 ἅμ.

7 1735 213 1798 ’ὑπερεπ.
255 1757 280 1798 η
311 1737 442 1798 χάρις
465 1741 711 1797 yeneralem
739 1742 1006 1784 sententiam
1035 1744 1099 1799 (v.
1132 1748 1225 1788 not.
1254 1743 1311 1786 ad
1338 1759 1380 1788 v.
1409 1746 1506 1802 12.)

7 1798 209 1841 'subesse
227 1801 467 1896 qutarunt:
496 1813 623 1855 „quo
649 1813 753 1841 vero
783 1799 884 1855 quis
912 1799 1122 1856 majorem
1151 1800 1372 1856 peccando
1399 1817 1504 1844 con-

7 1855 165 1898 *traxit
184 1869 237 1897 cu
259 1868 382 1911 pam,
412 1869 464 1897 eo
483 1855 777 1896 excellentius
807 1869 906 1897 sese
931 1856 1097 1898 exserit
1120 1855 1407 1913 heneficium,
1435 1860 1503 1902 ita

22 1911 214 1978 quidem,
257 1915 306 1953 ut
343 1909 705 1966 quemadmodum
745 1912 825 1952 illa
853 1912 1023 1968 peccati
1049 1912 1174 1954 labes
1201 1928 1282 1971 per
1314 1919 1501 1958 mortem

20 1966 258 2025 lmperium
279 1966 501 2019 exercuit,
531 1966 588 2008 ad
609 1965 795 2009 eundem
815 1967 987 2009 modum
1008 1968 1267 2012 heneficium
1286 1971 1402 2014 illud
1453 1987 1502 2015 er

9 2024 194 2067 veniam
214 2026 493 2081 peccatorum
520 2023 703 2079 imperet
729 2049 804 2066 —.
861 2024 1046 2067 Scilicet
1075 2040 1208 2082 quum
1228 2028 1324 2086 Ap.
1351 2043 1428 2072 ver
1460 2030 1502 2072 is

20 2079 92 2124 ἵνα
113 2078 340 2138 πλεονάσῃ
356 2076 409 2122 τό
428 2078 717 2136 παράπτωμα
741 2095 833 2123 rem
860 2082 1176 2138 nominaverit,
1207 2099 1320 2141 quae
1352 2091 1403 2129 ut
1431 2088 1498 2129 ef-

9 2139 230 2192 sfieeretur
244 2137 388 2191 legem
409 2151 520 2180 mos.
541 2135 668 2179 Deus
689 2138 868 2191 tulerit,
899 2138 1107 2198 deinceps
1127 2141 1229 2198 quid
1246 2142 1326 2184 illa
1351 2158 1400 2187 re
1426 2143 1496 2201 ef-

10 2194 140 2252 'fecta
174 2195 334 2236 factum
357 2193 418 2236 sit
439 2192 651 2236 divinitus
672 2199 715 2237 et
732 2199 818 2252 qud
849 2201 991 2239 mente
1012 2196 1169 2240 docere
1192 2197 1339 2243 dehet.
1396 2199 1494 2244 De-

11 2251 121 2293 'inde
141 2250 194 2294 P.
214 2265 255 2295 v.
274 2250 406 2292 aliter
425 2251 523 2308 capi
543 2256 791 2307 nequeunt,
821 2267 950 2309 quam
974 2269 1110 2312 supra
1136 2270 1161 2297 a
1189 2255 1317 2308 nobis
1346 2258 1494 2315 expli-

17 2313 115 2350 cata
135 2311 262 2360 sunt3
291 2307 378 2365 ista
398 2308 618 2350 sententia
646 2308 750 2350 aliis
775 2323 817 2354 V.
847 2311 1135 2368 exprimenda
1164 2318 1282 2366 erat,
1311 2318 1492 2370 poterat

11 2368 160 2422 ¹autem
182 2363 278 2407 his:
308 2366 374 2405 ὡν
401 2364 450 2407 δὲ
473 2361 787 2424 ἐπλεόνασενῆ
809 2361 1004 2425 ἁμαρτία
1024 2366 1090 2419 εἷς
1107 2367 1292 2421 τούτους
1318 2365 1491 2429 ὑπερ-

9 2417 354 2477 ’περισσεύει
394 2416 419 2476 ἡ
444 2419 586 2477 χάρις.
654 2421 770 2464 Τιιηι
798 2422 1106 2467 detestabilem
1134 2441 1307 2480 vocem,
1356 2443 1488 2486 quam

11 2478 253 2521 'facinorosi
279 2476 523 2521 Christiani
547 2477 737 2535 perditis
768 2480 966 2523 moribus
995 2482 1378 2540 praetendissent,
1405 2499 1487 2544 quo

17 2531 202 2588 plurium
219 2538 492 2589 peccatorum
523 2535 694 2590 culpam
721 2535 847 2579 homo
875 2537 1026 2581 christ.
1055 2540 1294 2595 sustineas,
1331 2557 1378 2585 eo
1404 2557 1484 2585 ex-

17 2591 234 2634 cellentius
250 2605 341 2633 sese
361 2604 561 2633 emerere
587 2592 672 2634 div.
702 2592 948 2647 beneficium
974 2595 1020 2636 in
1049 2596 1239 2650 improbe
1261 2598 1484 2655 factorum

17 2647 134 2690 venia
152 2647 362 2702 positum,
392 2660 447 2689 ne
465 2647 609 2704 potuit
629 2647 804 2704 quidem
825 2648 878 2694 Ρ.
897 2650 1052 2705 edere,
1077 2653 1145 2695 vir
1171 2655 1482 2698 sanctissimus

18 2703 76 2758 [3,
92 2703 276 2757 5.-8.)
304 2707 349 2746 et
375 2702 500 2763 cujus
530 2705 792 2749 sententiam
821 2707 1026 2750 omnihus
1050 2710 1109 2762 1.,
1160 2710 1206 2752 in
1238 2712 1398 2769 quibus
1426 2711 1481 2754 de

13 2759 68 2816 .τῇ
93 2757 646 2819 dcuacoozivyysdisputavit,
694 2761 934 2820 diligenter
971 2766 1167 2811 excussis
1202 2768 1313 2812 hanc
1339 2771 1481 2813 fuisse
