1752 3347
493 108 648 153 CAP.
682 109 720 154 l.
767 111 853 154 Vs.
884 113 925 155 5.
957 118 1010 154 et
1039 113 1081 154 6.
1473 116 1524 155 17

61 215 207 258 κούειν
232 215 295 272 τῷ
321 213 557 273 εὐαγγελίῳ
589 217 720 262 Rom.
749 219 896 271 10,16.
924 220 953 260 2
979 219 1142 262 Thess.
1174 218 1290 272 1‚8.,
1327 217 1452 261 fidem
1480 225 1520 263 ei

61 278 315 315 recusantes
343 270 551 315 ἀπειθεῖν
576 278 639 331 τῷ
667 273 783 331 λόγῳ
809 291 845 320 s.
876 277 938 331 τῷ
967 272 1202 332 εὐαγγελίῳ
1233 277 1256 317 1
1283 272 1404 318 Petr.
1426 278 1520 330 2,8.

58 328 184 382 4,1⁷.
210 328 437 383 dicuntur,
480 333 563 390 qua
591 346 639 374 re
666 333 808 374 minus
835 333 1049 390 perpensa
1078 332 1148 375 vel
1175 346 1288 374 nunc
1317 337 1419 374 sunt
1447 336 1520 388 [cf.

58 399 100 430 v.
121 401 159 430 c.
179 385 296 431 Ven.
324 385 461 430 Wahl.
485 390 553 432 (Ji.
574 389 675 448 maj.
698 395 741 431 et
760 390 908 443 min.],
939 389 1014 446 qui
1035 388 1283 447 hujusmodi
1302 390 1346 431 in
1368 391 1399 433 l.
1425 404 1523 433 ver—

58 442 160 485 bum
182 439 387 486 ἆπειθέω
406 445 536 488 verbo
557 445 754 488 πιστεύω
774 447 1021 503 oppositum
1050 446 1077 490 J
1080 440 1151 490 oh.
1172 447 1213 499 3,
1225 447 1295 490 36.
1321 447 1428 491 Act.
1453 449 1522 500 14,

60 501 102 544 1.
122 501 166 544 2.
186 499 227 542 υἱ
241 503 322 541 suo
341 503 386 541 et
411 505 572 544 natura
602 501 715 544 idem
745 503 861 558 quod
891 500 1141 545 ἀπιστέω
1165 503 1294 557 fidem
1317 504 1525 560 deneyarc

56 558 228 615 pollere
243 555 359 597 falso
386 556 636 614 opinentur.
694 557 836 600 Multo
864 564 1008 601 tamen
1037 565 1081 601 et
1105 571 1193 617 per¹
1211 574 1259 601 se
1282 560 1524 631 simplicior

57 618 104 655 et
135 611 358 654 huic-loco
385 612 752 657 accommodatior
777 630 925 657 eorum
953 615 1067 658 ratio
1096 622 1188 669 est,
1229 618 1305 673 qui
1332 632 1525 668 πιστεως

58 667 314 714 Genitivum
331 667 588 724 obJ‘ectivum
603 670 812 713 arbitrati
835 668 1038 728 ὑπακοὴν
1066 671 1260 722 πίστεως
1284 673 1523 733 obsequium

56 724 349 769 doctrinae
377 724 483 770 chr.
511 729 845 782 praestandum,
889 728 1109 783 &jebet-sam
1144 742 1261 784 gcgen
1290 734 1360 776 ben
1390 733 1523 785 <brisu-

56 782 268 835 &cubem
305 781 654 839 explanaverunt
681 784 845 840 [Beny.
884 785 1040 827 Heum.
1080 785 1253 828 Boehm.
1282 788 1388 858 aL).
1454 787 1524 831 Cf.

54 837 205 884 2·Cor‹.
224 837 297 907 ¹⁰2
308 838 351 881 5.
376 833 402 894 ἡ
433 835 607 897 ὑπακοὴ
633 842 712 882 τοῦ
734 841 950 898 Χριστοῦ.
1008 842 1031 882 1
1054 839 1177 884 Petr.
1200 843 1318 894 1‚22.
1346 861 1371 900 η
1404 840 1525 885 ὕπα-

56 892 138 952 κοὴ
163 893 245 951 τῆς
266 893 499 951 αληθείας.
564 898 672 940 Act.
694 898 789 951 6,-7.
818 895 1064 953 ὑπακῖούειᾈ
1086 897 1329 955 τῇ,>ῃιζσ,τλει.
1389 902 1467 943 An
1495 895 1523 955 ἦ

56 949 210 1001 πίστις
227 964 419 1009 unquam
439 953 501 994 sit
518 953 712 997 doctrina
730 952 1205 1012 fidenspostulans
1224 954 1254 998 i.
1274 970 1313 999 e.
1332 957 1526 999 doctrina

54 1008 203 1052 christ.
222 1021 308 1050 non
329 1007 677 1054 addubitaverim
697 1025 792 1053 cum
816 1010 985 1053 Winero
1004 1011 1245 1055 Comment.
1266 1027 1335 1070 ep.
1356 1012 1410 1054 ad
1424 1012 1526 1055 Gal.

54 1064 97 1118 3,
107 1064 196 1108 23..
253 1065 384 1108 Certe
405 1068 483 1122 qui
503 1068 637 1110 aliter
654 1069 762 1112 Act.
782 1069 824 1111 6.
835 1068 879 1110 7.
900 1092 950 1099 —
1010 1065 1236 1124 ὑπήκουον
1253 1071 1315 1126 τῇ
1333 1068 1526 1111 πίστει

54 1122 135 1177 (cl.
151 1120 282 1165 Rom.
302 1123 455 1174 10,16.
489 1149 538 1155 —
594 1122 854 1181 ὑπήκουσαν
872 1124 943 1179 τῷ
963 1119 1300 1182 εὐαγγελίῳ.)
1317 1126 1427 1167 hene
1451 1140 1527 1167 ex-

55 1178 270 1236 plicetur,
303 1178 377 1221 vix
406 1179 604 1222 inveniat
629 1181 757 1223 homo
786 1181 1038 1236 argutulus.
1103 1181 1161 1224 Et
1187 1180 1347 1224 Patres
1373 1183 1527 1225 eccles.

56 1249 134 1278 sae
167 1249 190 1277 e
210 1235 290 1277 hac
312 1235 355 1278 vi
375 1234 454 1292 τὴν
482 1234 636 1279 πίστιν
660 1252 824 1295 ponere
849 1242 1041 1292 constat,
1081 1237 1169 1282 vid.
1195 1239 1361 1282 Sue'ceri
1387 1238 1528 1281 Thes.

56 1249 164 1334 coefi
194 1290 369 1345 II,725.
396 1307 449 1348 sq
484 1325 512 1337 ..
572 1293 660 1336 Sed
687 1295 954 1352 interpretes
983 1299 1028 1336 et
1054 1295 1394 1353 lexicographos
1412 1294 1529 1337 haud

55 1348 211 1446 Baucis
228 1349 272 1390 in
301 1349 334 1392 l.
362 1347 424 1393 N.
453 1307 510 1393 f}-
544 1352 604 1405 [v.
635 1365 672 1394 c.
704 1351 806 1395 Gal.
837 1352 957 1404 1‚23.
985 1352 1108 1404 3‚23.
1137 1352 1208 1395 25.
1235 1352 1401 1410 EpheS.
1431 1352 1528 1404 4,5.

104 1403 228 1448 Petr.
255 1405 370 1460 l,1.]
397 1409 562 1448 temere
591 1406 670 1461 τὴν
696 1405 848 1448 πίστιν
876 1409 1116 1450 doctrinam
1141 1409 1225 1453 div.
1252 1408 1532 1451 enarravisse

55 1459 271 1514 concedo,
301 1462 369 1503 uti
385 1460 540 1506 debeo.
599 1462 688 1506 Sed
716 1463 819 1504 huic
845 1464 878 1506 Ι.
906 1463 1137 1505 admodum
1163 1464 1529 1507 accommodatam

56 1516 153 1560 dixi
170 1517 319 1571 illam,
337 1531 468 1575 qnam
487 1519 696 1576 probavi,
726 1519 1135 1577 interpretationem
1154 1522 1203 1564 ob
1223 1537 1283 1565 vs,
1302 1524 1362 1566 6..
1409 1521 1530 1564 Bene

55 1574 173 1622 enim
190 1574 274 1616 hae
295 1575 540 1618 sententiae
560 1590 780 1619 connexae
801 1580 927 1621 sunt:
954 1590 1050 1618 sum
1070 1577 1116 1619 in
1132 1578 1432 1632 Apostolorum
1448 1577 1531 1620 col·

57 1631 214 1688 legium
238 1637 459 1687 receptus,
487 1637 538 1676 ut
555 1647 734 1675 omues
761 1633 977 1686 nationes,
1009 1647 1106 1688 erqo
1124 1635 1256 1676 etiam
1282 1634 1530 1677 vos-Roma-

57 1702 132 1732 nos
160 1703 201 1732 υ.
218 1688 262 1731 6.
278 1720 291 1741 ,
320 1689 378 1731 ad
395 1689 637 1746 obsequium
666 1689 887 1731 doctrinae
907 1690 992 1732 div.
1013 1690 1103 1731 vita
1125 1691 1388 1747 moribusque
1403 1705 1530 1746 prae-

56 1744 259 1787 standum
281 1746 570 1800 perducerem.
647 1745 746 1790 Jam
777 1746 889 1788 enim
919 1744 976 1787 ad
1001 1760 1127 1788 sacra
1156 1747 1310 1790 christ.
1340 1747 1531 1790 Romani

57 1804 361 1854 accesserant;
389 1800 437 1843 id
454 1816 479 1844 a
498 1801 640 1845 Paulo
660 1801 924 1844 admonendi
943 1806 1083 1856 erant,
1116 1807 1164 1845 ut
1182 1803 1424 1846 doctrinam
1443 1803 1530 1846 div.

57 1857 304 1900 retinerent
334 1857 463 1914 eique
491 1858 855 1903 obsecundarent.
921 1859 1086 1902 Contra
1115 1860 1154 1902 si
1182 1861 1402 1918 explices:
1437 1875 1534 1903 sum

55 1913 205 1971 factus
230 1915 482 1969 Apostolus,
526 1921 575 1959 ut
608 1930 751 1959 omnes
796 1916 1013 1969 nationes,
1060 1917 1105 1958 in
1132 1917 1280 1974 quibus
1307 1923 1438 1964 etiam
1462 1931 1532 1959 vos

57 1970 182 2023 estis,
214 1969 422 2024 Romani,
450 1973 507 2014 ad
523 1972 765 2030 obsequium
784 1972 893 2025 Dei,
953 1973 1032 2015 uod
1048 1973 1092 2015 ιή
1109 1973 1305 2016 habenda
1329 1972 1416 2027 fide
1440 1987 1531 2015 cer-

57 2026 198 2080 nitur,
228 2027 513 2081 impellerem,
551 2026 604 2074 P.
623 2028 676 2071 de
693 2028 906 2072 Romanis
946 2044 969 2070 o
1020 2029 1125 2072 1itu1·
1142 2034 1191 2072 ut
1209 2029 1262 2072 de
1283 2029 1532 2072 hominihus

58 2096 183 2125 sacra
201 2083 355 2127 christ.
373 2084 565 2127 nondum
584 2086 818 2143 amplexiS.
877 2085 976 2140 Quo
1031 2091 1176 2129 autem
1195 2087 1458 2129 Rueclceffus
1485 2100 1532 2127 se

61 2138 119 2180 iis
136 2139 347 2182 assentiri
362 2141 448 2194 ait,
480 2143 556 2199 qui
582 2140 776 2192 πίστεως
794 2141 1045 2185 Genitivum
1072 2142 1327 2199 objectivum
1354 2157 1533 2184 censue-

59 2195 154 2236 rint
190 2195 268 2238 sed
302 2211 435 2239 sensu
470 2199 704 2256 subjective
725 2201 852 2255 (ergo
873 2199 1005 2254 fidem
1032 2199 1246 2255 evanyelz‘o
1273 2198 1534 2253 habendam)

60 2253 362 2294 enarraverint
386 2254 431 2295 in
459 2255 573 2297 hunc
601 2254 796 2299 modum:
837 2261 886 2298 ut
913 2256 1153 2312 obsequium
1176 2255 1303 2309 fieret
1326 2255 1535 2297 voluntati

59 2308 144 2352 div.
163 2322 271 2365 quae
288 2309 333 2351 in
347 2324 394 2352 eo
420 2313 633 2364 cernitur,
669 2317 718 2354 ut
745 2311 777 2369 f
781 2313 795 2354 ι’
803 2313 830 2354 d
839 2327 894 2354 es
920 2312 1133 2355 habeatur
1159 2315 1261 2366 (non
1289 2315 1337 2352 ut
1362 2311 1480 2354 salus
1505 2326 1533 2353 a

57 2362 237 2421 factis
262 2365 373 2421 leqi
409 2370 788 2411 consentaneis
828 2369 1224 2424 exspectetur),
1263 2380 1441 2420 vereor,
1484 2373 1532 2409 ut

69 2420 124 2465 V.
152 2419 214 2464 D.
246 2435 338 2462 rem
367 2424 503 2464 totam
534 2424 644 2467 satis
670 2425 789 2467 clare
818 2425 961 2466 animo
1000 2423 1318 2467 informaverit.
1396 2423 1533 2467 Redit

59 2477 175 2519 enim
195 2476 291 2536 ejus
316 2477 622 2535 interpretatio
651 2480 707 2522 ad
736 2495 886 2523 eorum
915 2481 1200 2532 sententiam,
1238 2480 1313 2536 qui
1340 2478 1534 2530 πίστεως

62 2533 314 2576 Genitivum
336 2535 614 2589 appositionis
634 2537 801 2594 opinati
821 2541 924 2578 sunt
943 2537 1062 2592 (vide
1085 2537 1242 2593 supra)
1269 2551 1410 2593 neque
1441 2538 1531 2579 alia

60 2589 211 2633 differt
240 2605 314 2641 re,
360 2591 448 2632 nisi
479 2591 595 2647 quod
622 2592 884 2635 Rueck-erius
913 2592 1106 2643 πίστεως
1134 2593 1284 2636 vocab.
1319 2608 1413 2635 cum
1440 2609 1527 2636 em-

60 2645 204 2700 phasi,
232 2651 281 2688 ut
299 2647 432 2689 tacite
452 2653 691 2705 opponeret
707 2646 813 2703 ἔργα
831 2645 968 2700 νόμου
988 2649 1089 2692 Gal.
1112 2650 1231 2702 2,16,
1251 2649 1379 2693 Rom.
1392 2650 1433 2703 3,
1444 2651 1531 2701 20„

62 2701 333 2758 Apostolum
352 2704 637 2747 collocavisse
658 2704 949 2749 existimavit:
979 2711 1026 2748 ut
1035 2706 1129 2748 Deo
1147 2706 1385 2749 obedientia
1404 2722 1529 2761 prae—

61 2762 275 2812 staretur,
304 2761 480 2816 quaein
508 2761 622 2817 fide
642 2763 748 2816 (non
767 2761 898 2804 factis
918 2762 1006 2816 legi
1035 2763 1362 2814 consentaneis)
1389 2777 1530 2805 cerue-

120 2814 304 2850 Fritzsche
323 2817 387 2863 Ep.
405 2818 462 2851 ad.
485 2818 585 2857 Rom,
1042 2819 1082 2863 B
