1752 3347
584 144 1164 191 PROLEGOMENA.
1572 160 1611 185 xi

148 256 257 308 37.)
316 254 506 295 Sororem
525 253 652 294 Paulo
686 254 814 295 fuisse
847 268 898 294 ex
918 254 1096 306 Act.23,
1121 255 1189 296 16.
1220 253 1490 307 cognoscitur.
1548 252 1613 292 Ex

144 312 305 367 judaico
326 311 441 352 Sauli
458 310 644 370 (bmzzjh.
664 326 697 354 e.
719 313 972 365 postulatus,
1012 313 1214 364 expetitus
1233 309 1304 366 *),
1343 312 1447 362 quod
1467 322 1615 361 paren-

147 375 205 410 tes
228 368 265 409 ei
285 370 574 421 imposuerant,
602 370 761 409 nomine
779 383 846 408 un·
848 384 861 409 ι
881 370 990 410 literz⁴
985 385 997 410 ι
1015 370 1180 421 mutata,
1209 381 1329 421 quum
1339 368 1613 418 ChristiApo-

147 426 278 467 stolus
308 426 548 466 constitutus
575 440 663 466 cum
694 427 888 467 Romanis
920 433 956 467 et
982 427 1148 468 Graecis
1177 426 1344 466 multum
1371 430 1614 469 versaietur,

147 497 356 524 romanum
375 482 491 522 Pauli
511 483 604 523 fecit
627 484 870 524 Judaeorum
891 497 1040 524 morem
1060 490 1248 535 sequutus
1261 514 1272 533 ,
1303 481 1369 546 qui
1389 495 1509 532 quum
1528 481 1614 521 Ro-

148 541 279 581 manis
299 546 367 580 aut
387 539 554 580 Graecis
574 541 743 580 multum
761 547 966 580 uterentur
986 548 1054 580 aut
1069 541 1229 594 judaico
1253 539 1412 579 nomine
1434 538 1613 590 deposito

147 611 356 638 romanum
376 597 454 636 sibi
473 610 714 650 graecumve
734 598 959 637 indiderunt
981 596 1185 651 (Συμεών,
1215 598 1296 651 Nl)
1298 613 1339 652 ερ
1359 597 1450 638 Act.
1472 596 1616 646 13,1.;

144 653 356 707 Ἰωάινης,
387 651 568 707 ΠΙάρκος
601 655 690 694 Act.
710 655 777 704 12,
799 655 867 695 12.
874 654 968 707 ),a
947 660 1011 694 ‘tut
1033 654 1238 706 judaicum
1266 668 1412 694 nomen
1441 653 1615 693 inflexe-

146 718 262 762 runt,
295 719 336 750 ut
356 723 498 750 nomen
518 712 582 750 vel
603 723 794 763 graecum
821 710 890 750 hei
894 716 952 760 et
983 712 1048 749 vel
1072 724 1282 751 lomanum
1310 710 1507 766 (Ἰησοῦς,
1532 706 1618 749 Ἰά-

145 784 250 810 σωνι
282 768 462 817 Σαῦλος,
493 769 682 817 Παῦλοςε
716 782 755 808 v.
781 742 985 809 Grotiu’m
1001 769 1050 807 ad
1070 768 1155 808 Act.
1179 770 1244 819 13,
1260 766 1430 824 9..)*‡²‘)
1490 764 1616 805 Tarsi

147 831 185 866 et
205 824 507 877 philosophiam
525 832 608 864 tum
625 824 816 876 temporis
836 824 1019 870 xio-fisse
1042 831 1079 863 et
1101 824 1345 875 optimarum
1365 825 1511 864 artium
1532 829 1618 862 stu-

147 883 214 922 dia
233 881 350 921 valde
369 882 573 922 celebrata
592 895 681 921 esse
701 888 855 921 constat
874 866 1029 934 (Strab.
1044 881 1191 927 Geoor.
1211 880 1279 932 14,
1289 881 1330 933 4,
1359 881 1395 932 §.
1419 880 1617 921 13—15.

146 941 210 980 ed.
230 937 522 994 Tzschucke).
581 939 694 979 Nihil
727 946 859 978 tamen
879 938 923 979 P.
947 938 1039 977 inde
1063 939 1300 990 depoitasse
1319 913 1486 978 '‘videtui
1498 969 1508 988 ,
1539 937 1619 976 nisi

146 998 256 1037 haud
284 999 555 1048 spernendum
583 997 748 1048 liuguae
767 1007 941 1048 graecae
969 1009 1087 1036 usum
1113 1002 1150 1035 et
1171 995 1401 1046 politiorem
1419 995 1619 1046 quandam

145 1054 459 1107 humanitatem,
515 1067 613 1105 qnae
648 1054 682 1093 ei
723 1053 893 1105 pueritia
941 1052 1045 1093 inter
1082 1052 1400 1094 humanissimos
1440 1052 1619 1091 Graecos

192 1215 232 1253 *)
257 1217 405 1248 Paulum
434 1220 642 1259 parentibus
658 1243 667 1261 ,
702 1230 811 1261 quum
837 1221 974 1253 frustra
999 1221 1059 1253 diu
1086 1221 1197 1254 filium
1216 1220 1282 1253 sibi
1304 1228 1326 1252 a
1348 1220 1422 1252 Deo
1453 1217 1621 1259 precibus

241 1265 523 1303 expetivissent,
564 1267 714 1304 primum
746 1270 871 1298 natum
903 1276 986 1298 esse
1019 1268 1062 1299 A.
1088 1268 1269 1300 Neamler
1301 1267 1324 1298 l.
1349 1276 1381 1299 c.
1429 1275 1462 1305 p.
1488 1267 1567 1298 102.
1602 1273 1621 1296 e

241 1310 341 1340 Sauli
356 1311 494 1342 nomine
514 1308 678 1352 conjecit.
725 1314 820 1353 Apte
836 1320 924 1343 sane
940 1314 991 1343 illi
1007 1314 1118 1345 filium
1136 1314 1282 1345 tandem
1299 1313 1368 1343 sibi
1384 1312 1534 1349 benigne
1554 1312 1620 1342 da-

241 1359 314 1386 tum
333 1356 506 1388 divinitus
524 1358 624 1389 Sauli
640 1361 780 1389 nomine
799 1361 1002 1389 ornassent.
1041 1361 1111 1390 Sed
1129 1369 1204 1390 rem
1223 1360 1275 1390 ita
1291 1359 1460 1390 evenisse
1479 1357 1623 1389 aliunde

240 1401 387 1440 probari
415 1404 551 1442 nequit.
599 1405 712 1435 Recte
739 1405 850 1445 igitur
869 1405 1050 1436 Neander
1074 1414 1162 1437 suae
1190 1404 1416 1436 hariolationi
1436 1412 1507 1435 non
1532 1403 1623 1434 mul-

240 1450 315 1478 tum
335 1448 467 1479 tribuit.
515 1449 609 1481 Nihil
627 1453 683 1481 est
700 1450 792 1481 enim
810 1451 853 1480 iis
876 1450 1138 1489 suspicionibus
1159 1452 1312 1492 vanius,
1335 1458 1487 1490 quarum
1504 1450 1624 1481 virtus

239 1495 296 1526 est
315 1495 402 1525 haec
424 1502 516 1535 una,
548 1498 587 1526 ut
605 1505 680 1527 rem
700 1496 876 1538 afferant,
905 1504 997 1535 quae
1016 1499 1098 1528 acta
1123 1506 1205 1528 esse
1218 1498 1408 1538 potuerit;
1431 1496 1515 1527 nihil
1537 1504 1623 1527 con-

237 1542 299 1572 tra
324 1539 368 1571 iis
400 1538 618 1582 conjecturis
641 1543 764 1574 utilius
794 1544 873 1581 est,
906 1549 997 1581 quas
1024 1542 1221 1574 rationibus
1254 1542 1470 1573 communire
1500 1549 1625 1582 queas,

238 1594 345 1626 quum
370 1594 448 1618 rem
473 1588 591 1628 aliquo
617 1589 721 1621 modo
750 1588 927 1621 cecidisse
950 1589 1121 1620 nonnulla
1141 1590 1240 1620 clare
1262 1589 1424 1620 indicare
1448 1588 1625 1620 subtiliter

237 1634 381 1664 doceas.

167 1719 169 1721 Ι
194 1676 262 1717 ssss)
295 1681 392 1711 Bene
418 1681 551 1713 multas
571 1681 722 1713 aliorum
753 1682 797 1712 de
817 1680 915 1711 Sauli
940 1679 1084 1712 nomine
1110 1683 1249 1712 mutato
1276 1680 1409 1720 partim
1435 1680 1625 1721 absurdas,

239 1722 555 1769 partimjejunas,
590 1728 721 1767 partim
742 1728 845 1768 longe
864 1726 1040 1765 repetitas
1063 1729 1099 1758 et
1119 1735 1244 1767 parum
1266 1728 1467 1766 probabiles
1487 1727 1626 1766 opinio-

239 1781 305 1804 nes
333 1772 442 1804 affert
466 1774 698 1806 Kuz'noelt‘us
727 1775 772 1805 ad
797 1775 880 1805 Act.
901 1775 956 1814 13,
974 1775 1008 1804 9.
1045 1776 1080 1805 et
1109 1774 1292 1806 Reiclzz'us
1319 1776 1365 1806 ad
1395 1775 1497 1805 Rom.
1524 1775 1551 1813 Ι,
1583 1774 1625 1804 1..

243 1820 368 1856 Nuper
392 1820 614 1858 Hieronymi
640 1821 684 1851 de
711 1820 803 1851 viris
834 1820 964 1850 illustr.
1003 1826 1033 1851 c·
1058 1820 1091 1852 5.
1123 1820 1275 1851 Paulum
1303 1829 1325 1852 a
1354 1821 1481 1861 Sergio
1513 1820 1627 1851 Paulo

239 1866 476 1907 Proconsule,
509 1875 612 1906 quem
626 1868 793 1907 primum
824 1861 912 1903 (ἓν.
937 1866 1016 1896 Act.
1038 1867 1092 1903 11,
1111 1868 1166 1899 30.
1200 1869 1254 1901 12..
1271 1868 1326 1899 25.
1365 1869 1420 1900 13,
1436 1866 1469 1898 4.
1490 1867 1545 1903 5.)
1581 1867 1627 1897 ad

243 1912 377 1945 Christi
395 1920 505 1944 sacra
522 1913 752 1953 adduxisset,
775 1912 1004 1944 honorificum
1024 1913 1127 1945 Pauli
1144 1921 1271 1945 nomen
1289 1913 1472 1945 invenisse
1490 1912 1627 1952 opinati

242 1959 455 1990 sententiani
481 1959 674 1990 revocavit
700 1960 748 1991 H.
769 1959 813 1990 A.
832 1957 876 1990 G.
895 1959 1070 1996 Meyerus
1095 1960 1142 1991 ad
1159 1961 1240 1991 Act.
1264 1961 1319 1996 13,
1337 1962 1369 1992 9.
1395 1963 1627 1991 revocatam-

242 2013 311 2044 que
338 2005 403 2036 hoc
427 2007 636 2045 argumento
661 2006 785 2043 fulsit,
821 2005 915 2045 quod
941 2014 1044 2045 quem
1063 2005 1180 2037 virum
1206 2008 1328 2038 Lucas
1358 2007 1401 2038 ab
1419 2008 1499 2037 Act.
1521 2007 1554 2044 7,
1573 2006 1627 2037 59.

241 2059 357 2090 usque
384 2052 431 2082 ad
454 2053 509 2084 13.
537 2053 571 2084 9.
603 2053 751 2083 saulum
779 2060 923 2091 semper
950 2055 1141 2093 vocasset,
1176 2062 1256 2084 eum
1283 2054 1362 2084 Act.
1394 2054 1448 2094 13,
1470 2054 1524 2091 9.,
1558 2059 1627 2090 quo

242 2099 320 2129 loco
353 2098 473 2138 Sergii
496 2099 599 2130 Pauli
634 2099 681 2129 ad
707 2098 843 2131 Christi
869 2105 980 2129 sacra
1005 2099 1199 2130 transitum
1225 2099 1419 2130 memoriae
1445 2098 1628 2140 proderet,

241 2144 355 2184 primo
372 2145 524 2176 Paulum
551 2145 750 2184 appellaret
776 2145 883 2185 idque
903 2152 1033 2175 nomen
1056 2145 1228 2185 deinceps
1253 2147 1356 2182 (Act.
1374 2146 1428 2183 13,
1450 2145 1627 2188 13,-28,

244 2191 321 2227 25.)
346 2192 636 2222 constantissime
654 2191 840 2223 retineret.
892 2191 1064 2229 Speciosa
1084 2192 1272 2223 videretur
1290 2191 1337 2223 V.
1358 2193 1400 2223 D.
1419 2190 1630 2234 disputatio,

245 2237 278 2267 si
293 2238 418 2268 Lucas
435 2235 549 2278 finitci
567 2239 611 2269 de
630 2238 754 2278 Sergio
773 2238 884 2270 Paulo
896 2237 999 2269 Pauli
1017 2239 1181 2277 Apostoli
1199 2236 1312 2277 opera
1333 2237 1465 2270 Christi
1486 2237 1628 2268 alumno

245 2283 342 2314 facto
368 2284 578 2315 narratione
604 2286 656 2321 (h.
672 2293 703 2316 e.
723 2286 802 2316 Act.
823 2287 878 2325 13,
897 2282 966 2324 13,)
994 2285 1111 2316 Saulo
1129 2286 1247 2317 etiam
1269 2284 1382 2316 Pauli
1398 2292 1530 2314 nomen
1549 2292 1628 2316 esse

246 2329 399 2367 primum
417 2332 676 2372 memorasset,
708 2333 748 2362 ut
767 2331 873 2361 simul
890 2330 1010 2362 inflexi
1026 2330 1178 2361 nominis
1205 2338 1353 2361 causam
1374 2332 1436 2361 aut
1455 2331 1628 2360 accurate

244 2374 400 2406 referret
419 2378 483 2407 aut
509 2377 639 2409 saltem
665 2377 923 2409 subindicaret.
970 2378 1018 2407 At
1037 2377 1185 2408 Saulum
1205 2377 1312 2407 etiam
1332 2376 1483 2408 Paulum
1502 2376 1629 2407 vocari

243 2422 366 2452 Lucas
382 2423 463 2453 Act.
484 2423 540 2464 13,
556 2426 590 2455 9.
602 2446 612 2466 ,
644 2424 855 2463 priusquam
873 2423 1128 2454 proconsulem
1150 2423 1197 2454 ad
1214 2422 1318 2453 fidem
1339 2423 1375 2453 in
1389 2422 1532 2455 Christo
1552 2422 1627 2452 col-

245 2467 432 2498 locandam
458 2470 591 2500 motum
618 2479 700 2501 esse
717 2470 870 2501 dixisset
887 2470 968 2500 Act.
991 2471 1045 2509 13,
1063 2471 1118 2500 12.
1131 2492 1141 2509 ,
1174 2469 1240 2499 sed
1259 2478 1366 2508 quum
1387 2469 1504 2509 Sergii
1522 2467 1627 2499 Pauli

247 2520 375 2544 nomen
401 2514 516 2551 paullo
542 2521 624 2546 ante
652 2518 732 2548 Act.
760 2517 816 2553 13,
835 2518 869 2549 7.
910 2515 1118 2555 posuisset.
1150 2514 1273 2547 obiter
1298 2516 1445 2546 monuit.
1503 2515 1627 2552 Quare

247 2567 316 2590 non
347 2567 499 2598 vereor,
541 2570 586 2592 ne
614 2562 786 2599 Meyer-us
812 2564 903 2594 hanc
932 2561 1148 2593 sententiam
1178 2562 1327 2600 posthac
1365 2570 1429 2600 pro
1465 2560 1627 2592 absurda

248 2608 420 2644 spernat,
454 2606 573 2647 Sergii
598 2607 701 2638 Pauli
727 2608 905 2639 mentione
932 2610 1013 2639 Act.
1040 2610 1096 2644 13,
1116 2608 1148 2639 7.
1191 2608 1340 2638 nominis
1373 2607 1492 2645 Pauli,
1532 2607 1626 2647 quod

250 2651 359 2682 etiam
379 2653 510 2683 Saulus
530 2654 722 2691 hactenus,
753 2657 792 2685 ut
808 2655 922 2692 primo
940 2653 1020 2685 fieri
1042 2654 1215 2684 debuerat
1232 2656 1311 2684 Act.
1331 2655 1364 2692 7,
1382 2655 1436 2687 58.
1458 2663 1533 2695 sq.,
1562 2650 1626 2693 ju-

251 2697 353 2729 daico
375 2699 514 2730 nomine
536 2699 580 2729 ab
606 2709 646 2730 se
668 2702 919 2740 nuncupatim,
948 2702 1114 2743 gereret,
1144 2702 1281 2732 Lucam
1297 2701 1628 2739 commonefactum,

248 2744 326 2774 dici
354 2745 513 2777 Saulum
538 2746 656 2778 etiam
678 2745 840 2778 Paulum
866 2747 944 2777 Act.
973 2748 1029 2785 13,
1054 2748 1087 2778 9.
1125 2746 1248 2778 obiter
1273 2747 1494 2777 observasse
1520 2746 1627 2785 idque

251 2796 379 2822 nomen
399 2790 568 2829 deinceps
592 2792 808 2829 retinuisse,
840 2794 879 2824 ut
902 2793 1056 2825 maxime
1081 2795 1156 2825 tum
1176 2791 1388 2826 Christianis
1414 2792 1624 2834 frequenta-

254 2838 331 2867 tum
351 2840 387 2868 et
409 2845 476 2876 quo
492 2838 531 2870 P.
548 2847 588 2870 se
606 2839 684 2878 ipse
705 2847 840 2872 vocare
859 2839 1006 2871 soleret.
