1752 3347
488 173 647 220 CAP.
680 174 742 219 V.
798 174 892 218 Vs.
920 174 1099 218 6.—ss..
1442 170 1529 213 203

46 322 49 328 ,
70 297 168 326 sum
188 282 315 325 nohis
336 282 486 324 attulit
503 282 688 339 spiritus
707 296 760 335 8.,
780 281 933 325 christ.
956 279 1202 322 hominihus
1224 276 1354 320 datus
1372 277 1434 330 (v.
1445 278 1527 331 5.).

70 339 186 383 Nam
223 339 338 395 quod
369 340 573 383 Christus
601 354 680 396 pro
721 338 868 390 nobis,
909 336 1272 380 imbecillibus
1310 336 1447 377 mllmc
1482 339 1524 378 ei

69 397 256 451 impiis
290 396 546 450 hominibus,
595 401 778 438 mortem
817 395 949 447 adiit,
985 393 1286 435 documentum
1327 398 1398 433 est
1435 391 1526 436 div.

69 468 172 506 erga
203 467 282 494 nos
312 454 474 494 amoris
513 456 575 508 (v.
608 453 805 503 6.—8.).
878 451 1019 493 Multo
1057 452 1196 505 igitur
1239 450 1378 503 magis
1412 463 1526 491 nune

68 525 189 552 caeso
216 509 382 552 Christo
409 510 654 550 insontes
691 509 846 550 reddite·
875 523 897 549 a
937 508 1217 564 sempiternis
1246 506 1399 563 poenis
1428 506 1526 604 eius

66 565 276 607 beneficio
303 564 621 606 vindicabimur
646 567 707 618 (v,
728 564 793 617 9.)
823 565 853 607 i.
877 580 914 608 e.
947 578 1090 621 quani-
1105 565 1243 615 igitur
1272 577 1358 604 non
1387 563 1446 604 sal
1469 577 1524 606 ax

42 653 44 655 »
65 627 134 664 est
156 624 307 662 nostra
324 620 439 662 vitae
460 619 612 660 beatae
631 634 732 676 spes
746 651 757 671 ,
786 623 958 674 summi,
991 635 1075 675 quo
1096 620 1222 662 Deus
1244 633 1322 661 nos
1341 619 1528 664 hemines

63 678 210 721 christ.
234 681 275 719 ct
299 676 370 731 que?
383 675 470 729 fide
497 676 679 729 infessi·
695 677 733 717 it
747 681 887 717 atem
914 678 1060 729 adepti
1077 678 1209 719 simus
1228 675 1524 733 amplectitur,

62 733 226 775 amoris
248 746 403 784 sensu,
434 746 559 788 quern
579 731 666 776 div.
688 732 872 802 spiritus
903 734 947 774 in
977 733 1136 774 animis
1164 734 1330 776 nostris
1362 734 1526 774 excita-

59 790 150 844 vit,
178 795 482 847 superstructa
505 792 565 843 (v.
577 790 658 842 5.).
696 789 789 830 'En
807 787 909 846 γάρ]
941 790 994 832 Β.
1027 786 1143 844 εἴγε
1173 790 1256 847 γάρ
1273 789 1431 831 habere
1455 788 1525 831 di-

57 847 189 890 citur.
246 847 454 903 Apparet
472 846 702 887 librarium
733 842 847 899 εἴγε
867 843 1066 901 >xpm-(59
1086 862 1123 886 κ.
1136 861 1172 888 τ.
1186 847 1226 889 λ.
1244 847 1407 888 omisso
1426 841 1523 903 γάρ,

57 917 113 946 ne
134 904 353 946 sententia
380 901 661 960 perderetur,
693 902 888 944 scribere
917 904 1194 961 oportuisse,
1228 917 1312 960 quo
1342 904 1522 956 excluso

57 975 99 1005 v.
121 962 164 1004 6.
188 964 338 1018 aptum
357 974 533 1002 sensum
549 960 768 1002 funderet.
828 959 1024 1002 Muniret
1041 960 1153 1001 enim
1187 975 1272 1016 quo
1299 965 1399 1002 ante
1427 959 1525 1002 dixi

57 1017 186 1060 modo
212 1017 475 1059 sententiam
502 1031 543 1061 v.
564 1018 628 1061 5.:
659 1032 745 1059 non
774 1017 911 1059 fallax
941 1021 1095 1060 nostra
1123 1021 1192 1059 est
1220 1017 1374 1059 heatae
1406 1017 1523 1060 vitae

58 1081 162 1132 spes
185 1074 240 1116 ol)
264 1074 532 1127 singularem
549 1074 638 1117 Dei
665 1089 769 1128 erga
802 1089 882 1116 nos
909 1089 1099 1116 amorem
1129 1077 1191 1129 (v,
1215 1074 1304 1128 5.)‚
1333 1074 1522 1132 (suetudo-

55 1132 223 1189 quidem
251 1131 483 1181 Christus,
513 1145 644 1187 quum
675 1131 815 1173 adhuc
846 1146 1040 1174 essemus
1073 1132 1237 1173 infirmi
1267 1146 1347 1189 pro
1373 1130 1523 1188 impiis

55 1192 256 1230 mortuus
279 1192 348 1230 est
377 1190 437 1243 (v.
459 1189 540 1242 6.).
599 1187 723 1243 Quae
752 1202 825 1229 res
853 1203 982 1244 quum
1005 1189 1150 1231 Deum
1181 1202 1256 1230 nos
1271 1192 1523 1243 peccatores

53 1245 333 1287 vehementer
351 1259 523 1286 anuisse
542 1245 812 1287 demonstret
829 1248 890 1300 (v.
912 1247 954 1289 7.
976 1246 1067 1299 8.),
1096 1246 1234 1288 multo
1258 1245 1399 1299 magis
1419 1258 1522 1301 spe-

52 1316 154 1344 rare
181 1303 311 1354 licet,
341 1302 462 1355 fore,
491 1306 541 1343 ut
568 1302 737 1346 Christi
768 1307 906 1344 morte
935 1303 1103 1356 armati
1129 1306 1209 1360 per
1241 1301 1468 1344 Christum
1493 1316 1521 1342 a

52 1359 336 1416 sempiternis
365 1359 555 1401 miseriis
584 1359 855 1402 vindicemur
883 1359 944 1413 (v.
966 1360 1031 1413 9.)
1061 1360 1091 1401 i.
1115 1375 1154 1402 e.
1176 1360 1294 1412 sore,
1323 1362 1373 1400 ut
1393 1357 1519 1400 Deus

50 1429 154 1467 nos,
184 1416 383 1458 homines
403 1416 606 1473 expiatos
621 1449 632 1469 ‚
660 1431 739 1473 pro
761 1430 842 1457 suo
862 1430 963 1469 erga
985 1429 1065 1457 nos
1085 1430 1232 1458 amore
1247 1415 1426 1472 sperata
1453 1415 1520 1455 fe·-

49 1472 218 1514 licitate
239 1473 372 1528 potiri
405 1471 547 1513 ’ubeat
574 1477 636 1527 (v.
657 1475 740 1525 5.).
799 1472 915 1513 Tum
943 1473 994 1515 F.
1018 1472 1073 1515 G.
1103 1470 1226 1515 Iren.
1255 1470 1354 1514 adv.
1375 1470 1519 1515 Haer.

48 1528 93 1581 3,
115 1530 182 1581 16,
201 1528 246 1571 8.
276 1527 337 1571 lt.
407 1529 497 1582 ulg.
518 1529 822 1571 Ambrosiast.
844 1527 998 1582 Pelag.
1024 1528 1226 1571 Faustin.
1255 1527 1407 1571 Sedul.
1435 1541 1517 1584 pro

47 1580 116 1627 ἔτι
137 1584 219 1640 γὰρ
229 1600 266 1626 κ.
277 1599 313 1626 τ.
329 1584 593 1641 &praebent
615 1601 633 1625 ε
647 1583 659 1625 ἶ
673 1600 695 1632 ς
723 1583 775 1624 w?
804 1580 887 1640 γοῖρ
900 1583 1095 1637 Χριστὸς
1109 1582 1393 1634 -ἆπέθαιές
1416 1584 1518 1639 Quia

45 1642 235 1683 lectione
253 1641 431 1699 recepta
449 1641 769 1696 argumentatio
798 1655 884 1682 non
910 1641 1042 1682 aliter
1065 1640 1289 1697 procedit,
1319 1655 1446 1697 quam
1477 1641 1519 1682 si

49 1695 164 1753 εἴγε
184 1697 383 1754 Χριστὸς
399 1724 454 1729 -
473 1695 673 1740 ἀπέθανε
694 1697 940 1740 scribatur:
971 1712 1046 1739 cur
1073 1698 1210 1740 enim
1242 1699 1336 1753 (np.
1357 1702 1406 1739 ut
1431 1697 1517 1739 fal-

45 1755 185 1797 lacem
206 1769 303 1796 esse
321 1769 477 1808 magno
498 1754 585 1798 Dei
613 1769 716 1809 erga
749 1769 829 1796 nos
860 1769 1006 1795 amore
1037 1754 1187 1795 nixam
1215 1754 1370 1796 heatae
1400 1754 1517 1796 vitae

46 1826 169 1868 spem
195 1811 298 1869 jure
326 1811 553 1864 credereS‚
584 1826 624 1855 v.
648 1826 686 1854 v.
708 1811 773 1865 5.)
803 1810 1033 1863 Christus,
1065 1826 1197 1866 quum
1224 1810 1365 1852 adhuc
1394 1826 1516 1852 esse-

45 1881 142 1910 mus
171 1867 436 1920 imbecilles,
475 1883 555 1925 pro
591 1868 739 1924 impiis
775 1873 959 1912 mortem
988 1865 1131 1910 adiit?
1158 1869 1319 1922 (v.O.).
1387 1867 1514 1922 Quae

46 1939 180 1981 quum
198 1923 344 1965 Deum
366 1939 446 1965 nos
464 1930 707 1978 peccatores
727 1925 922 1980 impense
943 1939 1115 1965 amasse
1135 1924 1287 1965 doceat
1306 1926 1367 1978 (v.
1379 1925 1421 1966 7.
1432 1922 1514 1977 8.),

45 1981 183 2022 multo
214 1980 353 2034 magis
385 1982 546 2036 optima
580 1995 777 2036 quaeque
815 1995 997 2037 sperare
1032 1981 1137 2021 licet
1166 1980 1336 2023 Christi
1373 1985 1514 2022 morte

45 2036 340 2090 intem-itatem
357 2037 525 2091 adeptis
554 2040 616 2092 (v.
637 2051 677 2080 v.
697 2039 738 2079 9.
760 2036 815 2078 cl.
838 2052 878 2079 v.
902 2037 981 2091 5.).
1049 2037 1193 2093 Syrus
1220 2051 1300 2093 pro
1333 2034 1399 2078 ἔτι
1427 2034 1511 2093 γάρ

44 2093 242 2135 continet
270 2089 319 2134 εἰ
351 2093 406 2134 δέ
439 2091 636 2146 Χριστὸς
661 2119 716 2124 --
743 2090 969 2145 ἀπέθαιέ;
1008 2094 1039 2137 i.
1071 2109 1107 2139 e,
1172 2094 1223 2136 Si,
1249 2107 1345 2135 ‘cero
1373 2092 1438 2148 (h.
1467 2108 1509 2136 e.

47 2148 154 2205 quid
171 2163 273 2190 vero
288 2181 300 2201 ‚
330 2149 390 2201 si)
415 2148 622 2191 Christus
645 2181 679 2193 ..
695 2181 704 2192 .
719 2181 730 2193 .
750 2154 946 2191 mortuus
969 2149 1069 2194 est?
1109 2149 1229 2206 Quid
1247 2146 1372 2192 tum?
1404 2148 1510 2207 quid

43 2202 229 2263 postea?
258 2205 334 2260 (cf.
356 2208 461 2248 Act.
479 2207 549 2260 23,
569 2208 611 2249 9.
632 2212 675 2248 et
695 2206 981 2264 Conjectanea
1005 2223 1059 2249 m.
1082 2206 1105 2248 I
1119 2240 1130 2259 ,
1159 2222 1202 2264 p.
1223 2207 1334 2260 30.).
1383 2206 1508 2248 Haec

42 2262 332 2316 interrogatio
358 2263 450 2306 h.l.
481 2263 627 2319 inepta
655 2268 738 2307 est.
797 2263 1028 2306 Postremo
1059 2267 1180 2320 (nam
1211 2261 1260 2305 εἰ
1292 2261 1353 2318 δὴ
1385 2265 1509 2318 Χρι-

45 2319 148 2368 στὸς
177 2336 213 2359 κ.
234 2334 272 2359 τ.
292 2318 332 2362 λ.
364 2334 504 2375 neque
536 2319 677 2376 Syrus
709 2335 849 2377 neque
878 2321 956 2362 alii
986 2321 1168 2363 hahent:
1200 2320 1255 2362 cf.
1282 2319 1429 2361 Vater.
1459 2323 1505 2361 et

42 2375 224 2428 Rueck.)
252 2373 365 2419 Isid.
395 2374 548 2419 Polus.
579 2392 647 2433 ep.
678 2376 750 2430 ll,
782 2379 879 2421 117.
908 2384 951 2420 et
970 2377 1217 2433 Augustin.
1236 2376 1306 2417 his
1337 2378 1397 2429 (v-
1418 2375 1503 2418 Sa-

43 2432 216 2486 butier.)
236 2431 424 2474 afferunt
451 2430 499 2475 εἰ
529 2432 627 2488 γὰρ
661 2434 853 2489 Χριστὸς
870 2435 1030 2487 xxvj„
1061 2433 1176 2490 quod
1193 2432 1357 2489 duplici
1375 2431 1501 2476 modo

42 2488 252 2545 explicari
272 2494 432 2545 potest,
461 2495 537 2531 aut
555 2490 642 2533 sic:
673 2488 712 2531 εἰ
734 2490 815 2545 γὰρ
834 2491 1032 2546 Χριστὸς
1051 2516 1107 2522 »-
1128 2487 1348 2541 ἀπέθανες
1378 2491 1501 2545 (nam

41 2547 80 2587 si
99 2544 290 2587 Christus
311 2571 358 2577 —
380 2551 559 2588 mortem
579 2544 712 2589 obiit?
748 2548 848 2603 quid
868 2543 993 2589 tecm?
1023 2552 1067 2588 at
1096 2547 1200 2588 haec
1227 2548 1498 2602 percontatio

41 2616 127 2643 non
157 2602 297 2656 magis
326 2607 426 2659 apta
457 2609 547 2655 est,
581 2618 710 2659 quam
741 2617 872 2658 quum
904 2601 954 2644 εἰ
986 2604 1040 2644 de*
1072 2605 1269 2660 Χριστὸς
1294 2628 1351 2634 —-
1379 2600 1498 2645 ἀπέε-

40 2661 176 2711 θαινες
218 2659 511 2715 susceperis),
542 2666 619 2701 aut
647 2664 696 2700 ut
729 2661 826 2701 Uste
845 2660 893 2701 ·i0
920 2660 1103 2708 placuit.
1172 2659 1219 2701 ls
1250 2659 1364 2701 enim
1393 2660 1427 2703 l.
1461 2660 1497 2702 1.

40 2730 84 2771 p.
110 2715 204 2758 119.
227 2731 294 2771 sq.
325 2731 366 2758 v,
388 2717 430 2758 7.
461 2720 505 2757 et
528 2716 570 2758 8.
602 2715 645 2757 in
674 2712 960 2772 parenthesin
999 2716 1208 2776 conjectis
1245 2730 1419 2758 versum
1451 2718 1495 2759 G.

40 2769 95 2813 Εἰ
116 2772 196 2827 γὰρ
219 2771 412 2823 Χριστὸς
433 2798 482 2802 —
503 2768 703 2814 ἀπέθανε
724 2773 922 2828 protasin
944 2773 1116 2815 efficere
1142 2774 1335 2831 putavit,
1367 2787 1495 2830 quam

33 2839 82 2873 ⁴v.
99 2830 142 2874 9.
162 2829 367 2887 apodosis
387 2828 600 2887 excipiat,
638 2828 706 2870 cui
737 2834 918 2888 propter
945 2830 1185 2886 longiorem
1211 2829 1494 2888 parenthesin
