1752 3347
446 108 602 153 CAP.
633 107 746 154 111.
781 108 870 152 Vs.
903 109 944 152 3.
975 114 1029 150 et
1060 108 1120 150 4..
1438 104 1521 152 155

41 230 166 270 nam,
195 216 402 271 obsecro,
443 213 627 270 fidem‘3)
657 232 756 260 non
785 215 1003 259 liberet.
1073 214 1309 258 constaret
1343 219 1518 258 senten-

41 274 130 327 tia,
178 274 218 315 si
257 272 352 329 τὴν
389 271 748 330 χρηστότητα
788 273 868 316 τοῦ
896 272 1010 314 θεοῦ
1040 274 1117 328 (-
1148 285 1249 312 num
1280 285 1518 328 paucorum

40 331 308 373 contumacia
331 346 380 372 eo
402 331 588 383 valebit,
619 336 667 374 ut
687 330 813 373 Deus
834 345 916 372 mm
943 329 1129 384 amplius
1153 327 1327 385 faveat,
1369 330 1521 386 quibus

42 387 226 445 faverit)
251 402 329 445 pro
351 386 428 443 τὴν
451 387 601 428 πίστιν
619 389 698 428 τοῦ
720 389 832 429 θεοῦ
854 387 1064 443 scriptum
1089 386 1339 441 legeretur,
1370 401 1521 443 quam-

76 459 173 486 uam
197 458 292 486 cnm
315 444 364 485 ea
387 458 470 485 non
494 444 632 485 coiret
653 458 717 487 vs,
738 445 800 487 4..
858 443 986 485 Nunc
1008 447 1210 500 apparet,
1252 448 1399 500 aptam
1421 458 1521 486 esse

70 501 143 543 *dei
172 516 200 543 a
225 502 320 543 Deo
349 500 584 542 servandae
612 502 897 553 mentionem,
937 501 975 541 si
1006 501 1048 542 in
1078 499 1437 542 antecedentibus
1468 500 1521 542 de

42 557 232 613 obliqata
252 556 428 598 Judaeis
450 556 537 597 Dei
553 553 638 607 fide
658 571 800 597 sermo
823 557 1053 598 institutus
1074 557 1232 609 suerit,
1272 562 1425 599 contra
1455 558 1522 599 in·-

44 619 215 670 eptam,
243 611 283 653 si
308 613 473 653 nullum
495 611 585 652 Dei
615 615 878 666 promissum
900 612 1083 656 ,ludaeis
1112 615 1274 656 factum
1304 619 1406 656 ante
1435 629 1523 656 me·-

44 673 256 712 moratum
280 668 354 710 sit.
414 666 542 722 Quod
571 668 677 710 adeo
702 669 873 721 Chrys„
907 669 1159 712 Theodorei,
1194 671 1333 715 schol.
1353 671 1522 715 Maiae.

44 726 102 769 al.
125 727 383 776 senserunt,
413 729 463 766 ut
483 723 563 780 τὴν
590 740 610 768 ε
625 723 928 781 ὐεργεσίαν
954 740 992 766 τ.
1012 728 1060 766 θ.
1082 740 1118 768 s.
1139 725 1218 779 τὴν
1249 726 1306 769 ὀύ
1321 727 1417 777 ξαν
1443 728 1524 770 τοῦ

43 782 156 824 θεοῦ
182 781 229 823 in
258 782 290 825 l.
321 795 363 824 v.
393 780 472 836 τὴν
503 781 706 824 πίστιν
733 797 770 823 τ.
805 784 854 823 θ.
886 781 1220 837 interpretando
1255 785 1526 839 sufficerent,

44 837 159 880 unde
175 833 253 893 τήν
273 833 439 887 δόξαν
460 853 497 879 τ.
518 841 564 879 θ.
584 843 839 881 sumserunt
856 838 1031 880 librarii
1053 837 1309 883 Cd.35.Mt.
1330 842 1378 885 l..
1445 840 1526 883 Sin

45 892 388 937 cumRaeclcerto
410 909 454 951 p.
475 896 571 939 119.
595 909 635 939 v.
656 896 698 939 2.
719 894 773 937 τὰ
794 892 922 950 λόγια
943 911 980 937 τ.
1001 897 1048 936 θ.
1061 894 1150 937 Dei
1170 894 1223 937 de
1243 897 1394 939 futuro
1405 897 1527 941 Mes-

47 953 113 995 sia
133 951 311 994 oracula
330 953 663 1009 explanaveris,
693 959 872 1011 praeter
891 967 980 994 rem
1003 954 1065 1006 (V.
1096 954 1253 1010 supra)
1281 954 1525 1009 elegantem

47 1007 373 1067 oppositionem
413 1003 677 1063 sustuleris,
727 1010 810 1066 qua
853 1010 1162 1051 nonnullorum
1190 1010 1218 1054 J
1221 1009 1459 1053 udaeorum
1501 1007 1528 1067 ἡ

49 1063 262 1115 ἀπιστία,
296 1065 380 1121 qua
399 1065 529 1120 fidem
547 1067 635 1109 Dea·
656 1067 844 1109 oraculis
873 1067 1147 1122 deneyarint,
1185 1067 1241 1123 τῇ
1268 1066 1420 1110 πίστει
1449 1069 1530 1111 τοῦ

48 1121 186 1171 θεοῦ,
240 1123 324 1178 qua
368 1121 513 1165 datam
546 1124 720 1166 Judaeis
754 1123 885 1177 fidem
913 1124 1051 1166 solvat
1081 1124 1346 1181 opponitur,
1388 1139 1530 1181 neque

50 1177 289 1235 quidquam
317 1178 406 1221 nisi
437 1194 593 1222 vanum
621 1179 963 1223 Paronomasiae
990 1179 1045 1222 ad
1075 1182 1320 1224 sententiae
1351 1196 1530 1224 acumen

49 1235 165 1277 nihil
187 1236 453 1279 conferentis
475 1235 944 1293 (ἐπιστεύθησαν,
981 1233 1314 1292 ἠπίστησαν,
1346 1233 1530 1295 ἡάπι-

51 1288 180 1334 στία
201 1289 366 1342 αὐτῶν,
396 1292 477 1350 τὴν
493 1291 685 1335 πίστιν
713 1309 749 1334 τ.
772 1296 845 1347 θ.)
867 1295 1102 1350 strepitum
1125 1295 1408 1351 relliqueris:
1438 1296 1532 1351 pri-

52 1363 168 1391 mum
187 1349 447 1392 «ludaeorum
465 1351 591 1392 decem
611 1351 689 1393 leoc
707 1355 769 1392 est
783 1383 794 1403 ,
826 1352 932 1406 qnod
949 1352 1002 1392 iis
1023 1352 1110 1393 Dei
1141 1351 1192 1393 de
1213 1352 1385 1395 Messia
1412 1367 1531 1396 ora-

52 1405 173 1447 cula
190 1406 297 1448 data
315 1411 430 1449 sunt.
493 1406 606 1457 Quid
625 1402 770 1449 enim?
805 1408 842 1448 .ςί
864 1408 1054 1449 nonnulli
1073 1409 1187 1453 Deo
1207 1423 1307 1451 non
1334 1423 1355 1451 ο
1371 1409 1533 1452 btem-

52 1466 345 1516 perarmat,
382 1476 483 1503 num
513 1477 659 1504 eorum
701 1465 1045 1505 communem
1082 1465 1196 1507 hanc
1224 1468 1310 1508 vim
1340 1466 1533 1520 habebit,

53 1522 104 1559 ut
133 1517 253 1561 Deus
280 1518 466 1560 datam
490 1517 659 1575 fidem
686 1517 872 1573 fallat
910 1534 1164 1576 suumque
1199 1523 1534 1575 promissum

52 1588 157 1618 non
174 1569 384 1619 servet?
411 1573 615 1619 Minime.
671 1574 908 1618 Praeterea
941 1577 1174 1632 quominus
1191 1577 1430 1621 Rueclcerto
1460 1594 1535 1621 as-

55 1631 223 1673 sentiar
244 1631 376 1674 etiam
396 1631 529 1675 verbo
554 1627 802 1688 ἠπίστησαν
823 1632 955 1675 nimis
977 1633 1091 1675 nude
1124 1634 1272 1692 posito
1301 1634 1536 1692 impedior.

55 1686 230 1746 Expeto
260 1690 375 1731 enim
406 1689 648 1732 orationem
678 1689 828 1747 paullo
861 1690 1106 1747 pleniorem
1139 1687 1391 1748 ἠπίστησάν
1419 1708 1537 1743 τινες

55 1745 126 1802 τῷ
146 1745 260 1802 θεῷ
291 1760 329 1790 S.
355 1747 428 1801 τῷ
467 1743 630 1802 νόμῳ.
699 1747 759 1790 V.
777 1747 821 1790 4.
876 1747 936 1802 μὴ
966 1745 1155 1802 γένοιτο]
1193 1748 1319 1790 Haec
1346 1750 1537 1792 formula

57 1815 135 1856 eo,
165 1801 309 1859 quod,
337 1807 388 1844 ut
409 1802 533 1847 hebr.
554 1802 667 1861 ,ἠὴρ
688 1805 712 1845 1
734 1802 853 1846 Sam.
876 1804 946 1856 20,
959 1806 1022 1857 2.,
1053 1819 1203 1847 eorum
1227 1810 1318 1859 est,
1357 1807 1433 1863 qui
1455 1808 1539 1848 ali-

60 1857 168 1914 quid
187 1863 397 1916 tanquam
427 1861 588 1902 malum
620 1875 744 1902 omen
771 1859 1048 1903 detestantur
1079 1864 1154 1918 (ne
1183 1862 1230 1904 id
1259 1878 1341 1904 usu
1371 1864 1539 1907 veniat!

60 1915 179 1957 absit
197 1916 301 1959 hoc!
330 1915 457 1958 Deus
481 1931 572 1958 rem
591 1918 875 1960 averruncet!
902 1917 1010 1961 Luc.
1033 1919 1104 1972 20,
1120 1920 1234 1974 16.)‚
1262 1921 1539 1963 fortissimae

60 1972 309 2027 negationis
331 1973 527 2029 (minime
549 1977 668 2031 vero)
688 1975 774 2017 vim
794 1974 942 2018 habet.
1007 1975 1150 2033 Saepe
1172 1977 1220 2019 ea
1247 1979 1387 2019 utitur
1410 1976 1464 2021 P.
1493 1981 1540 2019 et

61 2030 330 2072 recentiores
355 2031 611 2088 scriptoreS,
642 2036 692 2073 ut
711 2031 883 2074 Arrian
902 2031 1046 2088 Epict.
1069 2035 1131 2088 (v,
1152 2049 1188 2076 e.
1210 2035 1249 2088 1,
1264 2035 1423 2087 1‚13.).
1468 2033 1540 2079 Cf.

62 2085 212 2129 Sturz.
234 2086 288 2129 de
308 2086 414 2130 dial.
434 2102 542 2130 mae.
567 2092 648 2131 etc.
669 2096 711 2146 p.
729 2089 831 2132 204.
858 2094 903 2131 et
922 2089 1105 2145 Rapleel.
1125 2091 1297 2134 Annot.
1329 2107 1353 2134 e
1375 2089 1539 2148 Polyb.

65 2141 122 2183 ad
148 2142 192 2186 h.
224 2144 276 2187 l..
343 2143 556 2188 Conferre
587 2144 693 2187 licet
724 2145 1043 2189 Germanorum
1075 2147 1314 2191 formulas:
1354 2149 1454 2194 &ott
1482 2150 1542 2193 bes

65 2195 181 2254 bfite,
210 2202 312 2247 &ott
330 2203 527 2258 bemabrel
569 2200 758 2245 Temere
787 2203 1033 2259 Herzoqe‘ns
1060 2203 1177 2262 apud
1217 2204 1412 2258 Jiblfium
1440 2219 1541 2247 ora-

66 2256 230 2298 tionem
251 2257 313 2299 sic
334 2257 564 2302 distinxit:
596 2258 788 2313 γινέσθω
810 2259 879 2301 δέ·
914 2263 937 2302 5
959 2259 1068 2309 θεὸς
1089 2277 1125 2302 κ.
1148 2276 1182 2302 τ.
1206 2262 1243 2302 λ.
1277 2261 1437 2304 habeat
1465 2276 1540 2315 po-

65 2311 156 2354 tins
175 2319 367 2356 eventum
386 2314 490 2358 haec
515 2315 565 2358 V.
592 2315 641 2358 T.
660 2316 895 2359 sententia:
923 2318 1045 2359 Dens
1063 2322 1127 2359 est
1146 2332 1283 2360 verax
1300 2322 1401 2362 etc..
1442 2317 1538 2361 Ne-

69 2382 154 2425 que
174 2368 288 2410 enim
311 2368 364 2413 P.
385 2371 587 2429 scripsit,
618 2378 667 2426 ut
686 2388 781 2414 eum
803 2373 946 2415 facere
971 2373 1224 2429 oportebat,
1264 2373 1457 2429 γινέσθω
1492 2376 1541 2418 δὲ

68 2426 236 2467 τοῦτο
256 2427 316 2481 (s.
337 2423 360 2467 5
383 2425 551 2483 λόγος
577 2428 743 2478 οὗτος
765 2431 789 2471 1
808 2429 910 2473 Cor.
935 2430 1108 2483 15‚54.)
1139 2445 1286 2486 neque
1307 2445 1349 2475 v.
1379 2427 1402 2474 5
1430 2429 1543 2482 θεὸς

69 2477 246 2537 ἀληθής
273 2480 350 2526 Ps.
376 2484 554 2537 116‚11.
582 2487 807 2541 leguntur.
872 2485 978 2528 Pari
1009 2486 1134 2528 modo
1161 2487 1308 2543 Kopp.
1336 2502 1376 2532 v.
1404 2488 1544 2531 inter·-

70 2538 231 2596 punxit
245 2539 288 2583 h.
311 2554 373 2583 s.:
402 2545 487 2582 stet
506 2543 648 2596 potius
670 2543 776 2584 haec
804 2544 1015 2585 sementia
1040 2540 1192 2596 firma:
1231 2545 1352 2587 Dens
1381 2551 1446 2588 est
1471 2561 1542 2588 ve-

71 2609 161 2648 r—ax
182 2599 282 2639 etc..
341 2595 397 2638 Id
414 2611 516 2639 vero
538 2612 591 2639 ne
615 2599 685 2639 his
709 2598 881 2654 quidem
914 2613 954 2642 v.
985 2598 1177 2653 γινέσθω
1207 2601 1256 2643 δὲ
1273 2602 1452 2644 τοῦτο
1479 2605 1541 2658 (S.

75 2650 200 2707 ὧδε)
239 2653 378 2706 inest,
426 2653 582 2695 nedum
614 2653 834 2696 Paullinis
866 2654 1058 2711 γινέσθω
1088 2656 1150 2698 δέ.
1182 2686 1185 2687 ⁷
1216 2656 1348 2700 Mitto
1377 2673 1544 2712 eorum,

74 2709 152 2763 qui
169 2723 210 2753 v,
232 2708 423 2765 γινέσθω
443 2710 491 2752 δὲ
512 2708 534 2751 5
551 2709 661 2759 θεὸς
684 2709 858 2767 ἀληθὴς
874 2729 911 2752 κ.
933 2728 970 2754 τ.
996 2711 1033 2752 λ.
1065 2717 1183 2756 recte
1211 2716 1542 2773 copulaverunt,

76 2770 151 2808 aut
168 2769 318 2824 aperte
337 2767 476 2809 falsas
499 2770 573 2808 aut
593 2767 735 2810 minus
752 2773 978 2811 accuratas
1003 2773 1329 2826 enarrationes,
1359 2777 1410 2816 ut
1424 2772 1543 2815 'Ben-
