1752 3347
272 236 329 280 82
553 231 935 276 EPISTOLA
968 230 1461 277 ADROMANOS

272 343 364 384 tine
387 341 464 397 [Et
485 341 593 382 sient
616 353 696 380 non
726 337 1040 381 consultum
1064 340 1273 392 putaret
1283 342 1341 379 nt
1370 338 1514 381 Deum
1540 345 1743 383 accurate

273 399 484 455 coym‘tum
504 395 660 438 habere
693 394 870 437 tradidit
898 409 966 436 eos
982 394 1104 436 Dens
1132 394 1482 437 inconsultae
1511 397 1644 438 menti
1665 397 1739 451 —-]

271 454 452 506 reddas,
482 466 611 508 quam
633 451 786 493 sicum
809 450 942 505 vulgo
973 450 1156 503 feceris,
1195 450 1272 492 ubi
1299 451 1371 492 vix
1399 451 1531 493 aliter
1561 467 1739 495 conver-

270 519 361 554 tere
381 509 556 567 possiS,
587 508 675 549 nisi
696 507 782 551 sic:
813 507 872 549 Et
892 509 1002 550 sicut
1023 522 1103 549 non
1124 522 1324 562 operae
1340 509 1581 562 pretium
1603 510 1740 551 duxe-

267 574 369 612 runt
381 568 523 609 Deum
543 569 744 607 accurate
766 564 978 619 coquitnm
998 563 1152 606 habere
1173 564 1354 606 tradidit
1374 579 1443 606 eos
1455 565 1576 606 Dens
1592 566 1736 618 menti,

267 638 372 682 qnae
402 622 611 664 nullius
637 621 815 676 pretii
841 621 932 664 sit.
991 620 1240 663 Vernacule
1260 625 1405 662 vertas
1427 618 1506 663 οὐκ
1526 619 1738 672 ἐδοκίμα-

267 695 346 721 σαν
376 681 422 734 fic
452 680 592 734 bielten
626 683 666 722 e&
701 679 802 731 nicht
842 681 908 722 bet
935 676 1066 733 &belbe
1105 679 1263 733 metti)
1301 683 1345 720 ct
1386 674 1600 730 ἀδόκιμον
1637 678 1738 719 νοῦν

266 740 373 782 einen
404 734 897 790 unmfitbigenffiinn.
955 733 1168 787 Accedit,
1207 733 1323 791 quod
1350 740 1442 776 tum
1473 748 1585 790 quae
1614 737 1738 776 ante·

262 793 421 836 cedunt
444 797 535 834 tum
557 806 668 848 quae
688 795 933 848 sequuntur
962 792 1261 849 pewulgatam
1292 792 1631 848 explicationem
1662 790 1738 832 fir-

265 855 396 894 mant.
452 847 556 891 Non
579 849 693 890 enim
715 848 765 892 P.
789 852 976 902 stupore,
1041 863 1095 889 uo
1120 863 1298 890 curvum
1330 854 1448 890 recto
1479 847 1737 904 dignoscere

262 923 345 949 non
366 910 563 964 possent,
588 904 665 948 sed
688 905 876 963 impuris
896 909 940 947 et
961 863 1244 947 defidecorosis
1263 905 1492 947 affectibus
1515 906 1588 960 [cf.
1607 904 1734 948 v.24.

260 963 325 1014 εἷς
344 959 628 1018 ἀκαθαρσίαν
648 967 691 1004 et
720 977 760 1005 v.
782 962 853 1005 26.
885 959 951 1011 εἷς
980 959 1109 1017 πάθη
1142 959 1339 1016 ἀτιμίας]
1373 961 1517 1003 Deum
1544 961 1734 1017 gentiles

259 1020 498 1063 tradidisse
534 1034 667 1077 supra
710 1019 966 1062 affirmavit.
1045 1017 1095 1060 Si
1127 1023 1273 1059 autem
1299 1033 1340 1061 v.
1368 1017 1440 1061 28.
1470 1018 1735 1060 inconsultae

259 1078 391 1121 menti
412 1091 607 1135 paganos
629 1075 818 1118 traditos
838 1089 936 1116 esse
959 1074 1162 1127 dixisset,
1184 1089 1268 1116 non
1290 1078 1436 1117 ποιεῖν
1457 1073 1512 1116 τὰ
1533 1073 1593 1130 μή
1614 1076 1734 1116 καθ-

256 1133 442 1192 ήκοντα,
474 1132 553 1175 sed
579 1134 874 1190 τυφλωθῆναι
906 1128 1066 1180 αὐτούς
1095 1132 1140 1186 [2
1169 1130 1273 1174 Cor.
1295 1131 1338 1183 4,
1351 1132 1414 1185 4.]
1447 1157 1515 1175 —.
1566 1133 1650 1187 (ita
1684 1136 1733 1173 ut

256 1192 372 1234 caece*
402 1193 446 1234 in
478 1190 619 1232 omnis
650 1189 825 1244 generis
854 1188 1049 1230 facinora
1076 1189 1278 1244 ruerent)
1305 1187 1466 1230 addere
1504 1187 1732 1232 debuerat.

256 1247 346 1290 Sed
376 1262 456 1290 em·
484 1262 565 1303 ego
597 1252 683 1289 tam
714 1247 852 1287 multa
885 1251 1034 1286 contra
1066 1244 1359 1302 interpretes,
1402 1260 1512 1302 quos
1551 1245 1733 1301 linguae

253 1308 393 1361 legem
416 1305 608 1347 violasse
641 1304 752 1345 satis
783 1307 879 1344 erat
903 1301 1152 1356 monuisse,
1192 1297 1403 1359 disputo?
1459 1304 1623 1357 ποιεῖν]
1654 1301 1732 1344 In-

255 1363 448 1405 finitivus
476 1360 813 1418 epexegeticus:
841 1359 929 1412 iia,
962 1363 1008 1401 ut
1064 1360 1224 1403 saciant.
1284 1357 1338 1400 τὰ
1364 1355 1425 1412 μὴ
1458 1356 1730 1415 καθήκοντα]

252 1420 473 1471 indecora,
505 1418 745 1460 inhonesta.
802 1415 1007 1458 Thelme.
1065 1416 1206 1458 toicos
1230 1415 1292 1457 τὰ
1311 1432 1340 1469 μ
1356 1416 1379 1473 ἦ
1402 1419 1510 1457 καθ
1525 1412 1548 1471 ἡ
1563 1431 1730 1458 κοντα

249 1475 380 1531 (sicl)
403 1474 595 1516 termino
624 1473 823 1516 technico
851 1471 998 1514 dicere
1029 1480 1072 1515 et
1103 1471 1357 1516 Ciceronem
1389 1468 1444 1514 τα
1472 1472 1729 1528 καθήκοντα

249 1532 397 1589 officia
420 1532 706 1590 interpretari
731 1545 754 1572 e
780 1529 1033 1581 llfetstenio,
1063 1531 1138 1586 qui
1171 1529 1300 1571 affert
1321 1529 1413 1573 Cic.
1448 1529 1501 1571 de
1521 1529 1611 1572 Off,
1636 1531 1674 1582 l,
1685 1530 1727 1583 3,

247 1590 316 1643 8.,
347 1594 509 1632 monet.
568 1589 637 1630 At
656 1588 737 1629 hoc
762 1586 875 1627 nihil
908 1584 964 1625 ad
991 1593 1188 1627 nostrum
1216 1587 1250 1629 l.
1278 1587 1484 1642 pertinet.
1545 1585 1727 1628 Scilicet

250 1646 390 1689 Stoici
410 1644 528 1702 quod
546 1646 767 1687 honestum
788 1642 907 1683 sactu
930 1641 990 1682 sit
1011 1640 1061 1684 τὸ
1081 1639 1358 1699 κατόρθωμα
1379 1643 1432 1698 (i.
1453 1658 1491 1687 e.
1515 1641 1726 1687 Cicerone

249 1704 489 1760 interprete
506 1700 748 1756 perfectum
768 1698 1007 1750 officium),
1037 1703 1186 1740 contra
1209 1699 1379 1741 facinus
1401 1701 1512 1757 quod
1540 1715 1618 1742 cnr
1642 1700 1725 1754 fiat

246 1761 360 1803 ratio
378 1758 614 1814 probabilis
631 1756 753 1799 reddi
771 1756 905 1810 possit
925 1754 974 1796 τὸ
995 1757 1195 1811 καθῆκον
1218 1762 1396 1809 vocant,
1429 1755 1544 1812 quod
1569 1754 1724 1800 Cicero

249 1819 277 1860 l.
302 1817 333 1860 l.
356 1813 641 1868 0t111‚3,14.
663 1826 883 1855 commune
904 1816 947 1853 et
969 1813 1153 1854 nwde'nm·
1174 1813 1364 1854 officium
1385 1815 1533 1858 vertit.
1576 1812 1722 1870 Quum

247 1874 382 1928 igitur
400 1871 451 1915 τὸ
469 1874 663 1927 καθῆκον
685 1868 738 1911 de
753 1868 999 1911 Stoicorum
1023 1870 1240 1912 sententia
1263 1884 1347 1912 non
1369 1871 1510 1913 solum
1533 1871 1575 1913 in
1587 1871 1723 1913 rebus

243 1931 455 1982 honestis,
482 1943 632 1971 verum
656 1928 787 1969 etiam
810 1927 986 1968 utilibus
1006 1932 1233 1981 versetur,
1263 1931 1355 1969 tota
1378 1928 1454 1969 illa
1485 1942 1557 1969 res
1590 1927 1645 1970 ab
1676 1929 1720 1973 h.

241 1989 273 2031 l.
296 1987 440 2029 aliena
462 1990 556 2039 est,
585 1984 661 2027 ubi
684 1982 737 2028 P.
759 1997 844 2025 non
867 1981 983 2039 quod
1013 1998 1035 2024 a
1068 1985 1203 2026 medio
1235 1984 1316 2039 (τῷ
1348 1981 1612 2040 καθήκοντι)
1639 1985 1720 2029 sed

243 2060 256 2086 (
276 2042 363 2086 uod
383 2059 410 2086 a
428 2041 623 2100 perfecto
649 2041 794 2084 officio
822 2040 902 2095 (τῷ
931 2037 1269 2097 κατορθώματι)
1303 2041 1346 2084 h.
1380 2055 1418 2085 e.
1451 2041 1505 2083 ab
1534 2041 1720 2085 honesto

241 2060 557 2144 discessissent
601 2098 792 2154 gentiles
829 2097 1068 2154 vituperet.
1147 2098 1275 2140 Facit
1315 2098 1447 2140 etiam
1487 2099 1717 2142 verborum

241 2158 347 2201 ordo
361 2192 374 2212 ,
403 2173 456 2201 ne
476 2157 653 2199 sobrius
673 2157 813 2198 lector
834 2155 1075 2197 tcchnicam
1092 2155 1339 2198 Stoicorum
1361 2156 1592 2198 formulam
1615 2157 1658 2200 h.
1683 2158 1715 2201 l.

238 2213 552 2274 deprehendat.
612 2212 832 2270 Alioquin
851 2226 891 2256 V.
914 2213 979 2254 sic
997 2211 1246 2255 collocanda
1269 2213 1464 2255 fuerant:
1492 2229 1522 2265 μ
1540 2210 1564 2268 ἡ
1588 2229 1712 2256 ποι-

240 2275 320 2316 εῖν
342 2271 396 2315 τὰ
415 2269 671 2325 καθήκοντα
704 2271 767 2312 ita
799 2273 846 2312 ut
877 2271 1016 2312 media
1042 2269 1189 2326 officia
1219 2284 1316 2311 non
1350 2284 1713 2326 c.·1·sae‘quercn-

240 2335 344 2374 tur.
375 2356 431 2361 ——
490 2328 693 2372 Gentiles
725 2325 866 2368 omnis
896 2327 1071 2380 generis
1101 2326 1222 2369 vitiis
1249 2334 1480 2384 coopertos
1511 2341 1610 2369 esse
1639 2326 1713 2370 de-

237 2388 487 2429 claraturus
522 2400 561 2429 v.
592 2384 826 2437 29-31„
875 2384 1116 2426 facinorum
1151 2384 1323 2425 nomina
1357 2389 1406 2426 ut
1435 2383 1642 2441 quodque
1670 2386 1713 2427 ei

237 2444 455 2486 succurrit
478 2442 527 2486 P.
550 2442 767 2489 cumulatz
797 2439 979 2498 cf.Eph.
1002 2441 1096 2489 5,3.
1121 2455 1190 2496 sq.
1211 2440 1355 2484 2Cor.
1380 2442 1530 2493 12,20.
1554 2441 1709 2485 lTim.

240 2502 331 2554 l,9.
363 2517 400 2543 s(
420 2534 430 2544 .
462 2501 490 2541 2
520 2499 640 2543 Tim.
671 2498 766 2550 3,2.
800 2513 884 2554 sq..
946 2497 1194 2541 Cavendum
1227 2505 1295 2540 est
1327 2499 1488 2551 igitur,
1528 2514 1582 2541 ne
1610 2499 1710 2554 quis

237 2562 311 2598 ant
332 2517 453 2600 nnilo
478 2555 794 2615 praemeditato
826 2554 979 2596 ordine
1009 2556 1150 2612 posita
1183 2555 1288 2596 vitia
1320 2555 1373 2597 ad
1403 2561 1545 2598 certas
1609 2571 1709 2597 uas-

235 2613 331 2655 dam
356 2615 675 2670 distinctasque
698 2613 864 2654 classes
882 2627 1086 2654 revocare
1110 2619 1291 2654 conatus
1311 2627 1489 2670 operam
1508 2619 1550 2654 et
1570 2571 1707 2654 (ileum

236 2670 411 2729 perdat,
448 2677 523 2713 aut
552 2671 758 2712 nonnulla
793 2669 1001 2710 vocabula
1028 2671 1202 2712 notione
1227 2685 1381 2726 parum
1412 2669 1601 2711 discreta
1636 2684 1706 2710 ar-

236 2729 371 2783 gutiis
394 2729 485 2768 suis
539 2733 826 2784 crseqmtur,
862 2732 937 2768 aut
961 2741 1090 2783 quum
1125 2728 1213 2769 late
1245 2727 1442 2784 patentia
1468 2726 1703 2782 opprobria

235 2784 410 2840 angusti
442 2744 632 2826 :nullium
657 2785 778 2826 vitiis
810 2784 974 2840 passim
1011 2784 1228 2840 interponi
1261 2783 1442 2834 viderit,
1481 2791 1703 2826 transver-

235 2856 328 2883 sum
352 2855 399 2881 se
421 2841 492 2893 agi
515 2843 727 2898 patiatur.
775 2841 892 2882 Vera
918 2846 1060 2882 autom
1085 2841 1125 2883 Ιι.
1146 2835 1178 2883 Γ.
1204 2839 1253 2883 Ρ.
1278 2841 1345 2881 sni
1368 2840 1576 2895 temporis
1599 2855 1703 2893 gen-

235 2898 386 2940 tilibus
425 2897 614 2956 objicere
661 2899 725 2938 »01
756 2913 808 2939 ex
843 2899 896 2939 iis
930 2898 1121 2951 intelligi
1157 2902 1327 2954 potest.
1363 2910 1475 2951 qnae
1508 2899 1630 2941 (iret.
1661 2902 1705 2938 et
