1752 3347
539 198 697 246 CAP.
729 197 838 246 Ill.
874 199 966 245 Vs.
997 201 1058 245 9..
1455 197 1538 240 173

65 306 139 364 ἰ-ιίιτ
165 332 197 337 κ
226 323 239 357 3
269 307 323 349 ab
342 307 422 349 hac
444 305 743 364 disputatione
767 310 1043 362 segregatum
1067 319 1134 361 gr.
1155 319 1197 363 p.
1220 304 1320 348 229.
1353 318 1538 345 comme-

65 378 236 405 morare
269 364 381 407 We‘n.
415 363 638 407 debuerat.
717 363 800 405 Est
841 365 955 406 enim
987 362 1278 415 ἐπιμενοῦμεν
1305 359 1538 404 Futurum.

68 422 92 462 l
112 421 213 464 Cor.
236 423 303 473 10,
315 421 388 464 22.
420 417 445 476 ἢ
472 420 811 476 παραζιῑλοῖμεν
837 420 911 461 τὸν
939 419 1113 473 κιῖριονς
1152 417 1438 473 interrogatio
1469 421 1539 459 est

64 477 277 520 rhetorica
295 476 531 518 absurdum
555 492 654 519 esse
686 476 736 517 τὸ
768 476 1052 533 παραζηλοῦν
1079 474 1154 517 τὸν
1184 473 1338 528 κύριον
1367 475 1538 528 signifi-

64 547 194 576 cans:
223 549 280 575 an
298 532 416 589 forte
436 533 573 589 (quod
591 532 829 574 absurdum
852 535 940 590 est)
960 534 1018 575 ad
1041 532 1375 588 incliymetionem
1405 533 1538 573 domi-

63 604 166 632 uum
194 603 424 645 provocare
451 584 673 643 placet?
721 604 821 629 unm
850 604 995 631 sumus
1021 604 1068 631 eo
1096 583 1389 644 potentiores?
1436 588 1538 629 Non

65 651 196 703 aptus
213 649 332 686 esset
359 644 402 687 h.
432 645 466 687 l.
498 644 816 702 Subjunctivus
847 645 872 700 ἢ
903 644 1308 700 παραζηλιῦμεν
1328 659 1365 686 τ.
1388 660 1451 696 κ.;
1482 659 1539 687 cm

62 701 178 799 βψω
197 700 356 744 domini
366 700 701 755 indignationem
718 698 1098 753 provocemus?
1129 701 1537 743 Deliberat-etenim

106 789 144 809 .‚
173 755 225 798 de
243 770 328 812 quo
350 754 695 798 deliberationes
718 755 879 797 hahere
905 757 1030 798 nefas
1057 762 1149 810 est,
1189 772 1244 798 an
1276 757 1441 800 domini
1469 758 1537 799 ira

62 811 276 855 irritanda
293 815 426 856 esset.
487 813 624 855 Secus
646 812 761 853 hunc
780 813 813 855 l.
847 811 954 856 mn.
976 813 1009 856 l.
1041 827 1078 857 c.
1110 815 1355 868 intellexit,
1386 830 1538 871 παρα-

65 869 277 926 ζηλοῖμεν
321 868 427 926 quid
447 868 540 929 jam
570 870 697 911 fieret
728 883 753 910 a
782 868 1050 921 Corinthiis,
1092 883 1176 911 {lon
1207 870 1312 925 quid
1342 872 1536 913 futurum

63 930 181 969 esset
199 926 446 983 exprimere
469 930 609 970 ratus.
670 923 900 968 Postremo
922 926 1055 978 talia,
1083 925 1329 985 cujusmodi
1357 935 1425 975 est
1444 929 1538 971 As-

60 981 249 1040 clepiad.
273 997 311 1026 c.
336 981 452 1027 XII.
472 983 570 1037 50„
600 979 783 1036 πίνομεν
802 982 997 1038 γαλερῶς
1027 982 1089 1039 (si
1116 983 1246 1025 lectio
1278 999 1404 1036 verag
1438 999 1537 1026 nam

61 1040 307 1083 Schneider.
344 1040 389 1082 in
417 1039 529 1084 Lex.
564 1036 777 1092 πίνωμεν
814 1040 1009 1095 γαλερῶς
1036 1039 1183 1093 affert)
1212 1040 1321 1082 hanc
1347 1041 1432 1083 vim
1459 1041 1537 1083 ha-

62 1096 188 1139 bent:
219 1095 400 1139 bibimus
418 1096 557 1140 hilare
575 1096 619 1139 h.
645 1110 684 1139 e.
713 1096 852 1138 hilare
879 1096 1019 1139 bibere
1044 1097 1203 1150 place
1216 1101 1256 1149 t,
1296 1097 1434 1139 hilare
1460 1112 1538 1139 nos

65 1152 207 1196 bibere
233 1150 418 1208 fixum
443 1158 524 1197 est
551 1158 605 1195 et
633 1157 907 1194 statutum
936 1153 1054 1209 quod
1082 1154 1311 1196 vernacule
1351 1154 1413 1195 sic
1442 1154 1539 1195 imi-

62 1209 173 1251 teris
192 1211 265 1254 mit
284 1212 454 1263 trinFen,
494 1225 532 1254 s.
554 1211 701 1254 ttinfen
728 1210 800 1254 mir
830 1210 1003 1265 ftssblicb.
1062 1209 1152 1253 Sed
1181 1209 1375 1263 πίνωμεν
1403 1211 1538 1265 γαλε-

62 1267 151 1323 ρῶς
171 1265 267 1324 ejus
285 1270 374 1321 est,
404 1267 479 1323 qui
500 1266 557 1309 ad
579 1266 764 1307 hilarem
796 1267 1157 1323 compotationem
1185 1266 1351 1309 diserte
1378 1281 1538 1325 provo-

62 1336 156 1376 cet:
194 1331 435 1374 bibamus
461 1333 622 1384 hilare,
661 1326 749 1381 100(st
770 1331 852 1372 11ηό
882 1328 1098 1386 ftssblid)
1124 1330 1336 1375 trinfen.
1405 1328 1536 1371 Cete-
1593 1356 1597 1359 -

62 1404 159 1432 rum
180 1389 281 1431 huic
300 1387 537 1431 lndicativi
560 1390 682 1442 usui,
712 1388 764 1431 de
786 1405 871 1447 quo
894 1389 1233 1448 disputavimus,
1262 1391 1307 1433 in
1325 1391 1538 1433 familiari

64 1446 251 1489 maxime
271 1461 470 1488 sermone
490 1446 634 1503 iisque
654 1448 969 1503 scriptoribus,
999 1447 1076 1503 qui
1105 1462 1201 1489 eum
1229 1448 1393 1490 imitati
1419 1451 1538 1501 sunt,

62 1504 186 1546 locus
201 1502 302 1546 suit.
341 1502 563 1544 ‘Peccatis
593 1504 897 1546 excusationes
919 1504 1148 1561 praetendi
1174 1505 1348 1561 placere
1367 1503 1420 1548 Ρ.
1444 1505 1538 1546 for—

62 1561 171 1603 titer
209 1562 341 1613 negat
381 1573 498 1601 voce.
537 1553 589 1600 οὐ
626 1555 802 1608 πάντως
830 1575 1118 1616 nequaquam,
1157 1562 1322 1604 rectius
1359 1566 1536 1618 peccata

63 1615 242 1672 agnosci
278 1614 576 1658 subindicans.
650 1609 732 1670 ὑφ’
770 1611 989 1672 ἁμαρτίαν
1027 1611 1157 1670 εἶναι]
1207 1619 1236 1661 i.
1277 1632 1316 1660 e.
1341 1623 1536 1672 peccato,

65 1671 272 1730 tunquam
292 1672 473 1725 domino,
499 1670 666 1713 subesse
685 1668 866 1727 (Matth.
889 1672 1023 1726 8‚9.).
1072 1672 1209 1733 Cujus
1226 1674 1411 1730 imperio
1431 1674 1536 1716 suh-

58 1729 204 1790 jectus
225 1732 293 1770 est
315 1729 389 1784 qui
405 1732 571 1783 peceat.
628 1726 778 1782 Quare
795 1725 876 1783 ὑφ’
898 1724 1118 1784 ἁμαρτίαν
1139 1731 1248 1772 εἶναι
1274 1729 1390 1772 idem
1420 1732 1538 1773 valet

65 1785 182 1843 quod
207 1780 466 1841 ἁμαρτωλὸν
498 1777 609 1826 εἶναι
640 1799 676 1828 s.
712 1781 978 1839 ἁμαρτάνειν
1004 1786 1081 1841 (cf.
1113 1800 1154 1831 v.
1179 1788 1298 1843 23.),
1339 1800 1448 1841 non,
1486 1791 1536 1829 ut

66 1843 214 1886 Grotio
232 1841 422 1898 placuit,
454 1840 719 1897 yravibus
746 1841 864 1883 vitiis
884 1842 1100 1884 addictum
1131 1859 1222 1885 ess-e
1251 1848 1389 1888 notat.
1448 1844 1535 1887 Ea-

64 1899 164 1942 dem
176 1897 490 1970 prosopopoiia
508 1901 577 1939 est
592 1895 772 1941 Protev.
786 1896 941 1941 Jacobi
961 1914 998 1942 e.
1019 1899 1088 1943 18.
1109 1900 1198 1956 (ed.
1217 1901 1338 1943 Thilo
1348 1899 1536 1956 I‚242.)‚

64 1956 139 1999 uhi
166 1950 258 1999 υπό
285 1951 496 2009 ἔκπληξιν
531 1948 643 1996 εἶναι
673 1954 893 2009 significat
918 1956 1084 2010 torpori
1108 1957 1276 2000 subesse
1303 1957 1346 2000 h.
1375 1972 1413 2000 e.
1445 1963 1534 2000 tor-

13 2044 25 2051 .
63 2027 181 2069 pere.
239 2010 354 2053 Nam
380 2010 490 2053 vidit
512 2009 733 2068 Josephus
764 2025 894 2067 quum
917 2011 1120 2054 Christus
1152 2013 1197 2055 in
1224 2013 1431 2071 spelunca
1460 2028 1535 2056 na-

66 2072 266 2112 sceretur
285 2068 425 2109 omnia
441 2065 627 2121 torpere.
683 2067 743 2111 V.
767 2082 804 2111 c.
835 2067 978 2110 ovium
1008 2083 1117 2123 grex
1147 2058 1292 2112 subiti>
1321 2071 1535 2124 constitit,

66 2140 195 2183 quem
214 2128 264 2166 ut
281 2123 555 2181 propelleret
575 2127 726 2179 pastor
745 2138 917 2166 manum
938 2126 1138 2170 sustulit.
1198 2127 1232 2169 F
1236 2130 1408 2179 rustra3
1440 2130 1535 2170 tor-

66 2182 198 2239 pebat
218 2181 333 2224 enim
352 2180 526 2223 sublata
548 2194 719 2223 manus.
788 2179 1018 2225 Postremo
1051 2181 1102 2225 P.
1135 2180 1302 2233 πάντας
1328 2197 1414 2226 non
1441 2184 1535 2239 ple-

66 2252 216 2294 rosque
251 2241 330 2280 aut
367 2236 601 2292 permultos
628 2235 740 2278 dixit
764 2235 1068 2294 ὑπερβολικῶς
1096 2238 1279 2295 (Matth.
1306 2240 1347 2294 3,
1359 2240 1445 2294 5.)‚
1483 2244 1534 2283 ut

69 2294 242 2336 Grotius
260 2292 546 2347 existimavit,
570 2292 647 2335 sed
667 2307 824 2347 omneS,
845 2295 1013 2337 nemine
1030 2302 1208 2350 excepto
1226 2297 1303 2353 (cf.
1325 2311 1366 2341 v.
1391 2298 1462 2340 10.
1477 2321 1532 2329 --

71 2350 141 2394 12.
162 2354 207 2392 et
221 2349 332 2405 23.).
389 2349 553 2392 Totius
572 2364 637 2394 VS.
668 2350 772 2392 haec
800 2352 916 2393 ratio
943 2356 1034 2395 est:
1073 2353 1174 2409 quid
1200 2354 1330 2408 iye'tm·
1356 2354 1532 2410 (nempe

70 2421 202 2463 quum
220 2410 493 2463 peccatorum
512 2406 735 2448 excusatio
758 2421 798 2451 v,
819 2408 861 2451 5.
881 2409 1027 2464 posita
1052 2423 1158 2450 vana
1191 2410 1275 2462 sit,
1315 2415 1365 2451 ut
1391 2409 1531 2452 homi-

69 2477 149 2505 nes
182 2462 453 2505 facinorosos
482 2463 585 2522 jure
619 2477 643 2504 a
669 2462 768 2505 Deo
807 2465 957 2521 puniri
994 2469 1205 2522 appareat
1230 2481 1270 2510 v.
1303 2467 1344 2510 5.
1370 2461 1532 2521 -8.)“.2

69 2519 485 2574 circumspicimusne
502 2524 772 2574 peccatorum
789 2517 1120 2566 excusationes?
1158 2521 1358 2566 Minime.
1411 2523 1531 2565 Nam

68 2580 113 2617 et
131 2576 317 2617 Judaeos
334 2580 376 2616 et
394 2589 586 2630 payanos
608 2590 752 2617 omnes
774 2582 1021 2631 peccatores
1047 2593 1138 2618 esse
1162 2593 1293 2633 supra
1321 2579 1455 2635 (1,24
1478 2605 1529 2612 —-
1586 2595 1590 2599 ’

69 2632 112 2686 2,
123 2631 216 2685 24.)
236 2630 374 2686 arqui.
431 2630 561 2672 Unde
581 2629 633 2674 Ρ.
666 2632 729 2673 sic
760 2637 1112 2686 argumentatur:
1148 2649 1273 2691 quum.
1300 2636 1422 2678 Deus
1448 2637 1528 2678 im-

69 2687 223 2744 probos
241 2687 429 2729 homines
440 2685 546 2742 jure
562 2688 717 2742 puniat
734 2690 796 2744 (ν’.
817 2688 859 2731 5.
882 2714 935 2720 ——
955 2690 1042 2744 8.)‚
1072 2705 1123 2732 ne
1142 2691 1350 2744 speciosos
1377 2692 1528 2734 titulos

69 2743 258 2800 peccatis
290 2748 546 2798 praetexere
574 2743 763 2785 (enimam,
789 2745 1060 2797 inducamus,
1098 2748 1205 2803 quod
1225 2746 1398 2804 frustra
1424 2763 1528 2790 sane

70 2813 341 2851 conaremur,
370 2799 567 2856 qnoniam
584 2803 625 2841 et
645 2800 827 2841 «Iudaeos
845 2805 888 2842 et
905 2802 1086 2856 yente'les
1113 2817 1256 2846 omnes
1277 2808 1527 2860 peccato-

71 2870 159 2912 res
174 2871 290 2900 esse
315 2856 368 2912 (ἱ.
388 2870 427 2901 e.
448 2855 644 2899 homines
671 2855 726 2899 oh
754 2857 983 2902 commissa
1012 2857 1167 2904 delicta
1196 2859 1440 2919 puniendos
1464 2860 1526 2917 (v.
