1752 3347
197 113 286 158 320
482 110 868 155 EPISTOLA
898 111 1001 154 AD
1031 111 1395 160 ROMANOS

198 220 387 264 tudinem
406 232 496 261 non
516 219 754 274 significat.
812 218 1029 271 Accedit,
1060 218 1177 274 quod
1199 220 1305 261 haec
1323 222 1566 267 sententia:
1597 221 1673 279 qui

197 276 404 318 Adamus
422 276 655 319 novissimi
681 275 847 318 Adami
869 277 1023 318 similis
1043 282 1135 320 est:
1164 277 1328 334 quippe
1357 291 1382 318 a
1402 275 1455 320 Ρ.
1475 276 1673 335 disputa-

197 333 317 374 tione
334 337 506 375 remota
528 334 709 376 lectoris
729 334 1052 391 exspectationi
1073 348 1159 376 non
1179 333 1400 376 satisfacit
1423 334 1484 388 (v.
1505 339 1675 391 supra).

196 388 295 432 lmo
313 386 457 440 τύπος
477 391 522 434 h.
542 391 575 434 l.
597 391 662 434 rei
680 392 909 447 imayinem
922 423 934 444 ,
961 395 1135 443 nostem,
1155 391 1318 447 insiyne
1344 389 1542 432 declarat
1572 404 1674 433 sen-

198 461 250 488 su
271 446 525 501 theologico
555 448 597 491 h.
621 462 661 490 e.
691 462 782 490 rem
813 452 890 489 aut
919 462 1178 506 personam,
1209 462 1320 504 quae
1350 447 1440 491 div.
1468 447 1673 489 instituto

197 504 388 545 similem
415 505 552 546 aliam
581 504 675 547 sive
709 519 943 562 personam
972 505 1064 547 sive
1092 520 1184 547 rem
1210 520 1292 562 per
1322 505 1529 559 ambages
1552 518 1676 546 mon·

196 565 327 605 stret.
387 560 463 603 Sic
487 576 671 619 serpens
696 576 858 604 aeneus
883 561 964 603 hoc
984 562 1171 604 consilio
1189 576 1214 604 a
1233 562 1359 606 Mose
1380 562 1575 620 perticae
1609 561 1675 602 af-

197 618 316 660 fixus
334 622 379 659 et
400 619 442 660 in
468 620 606 660 altum
629 625 825 672 erectus,
852 624 900 661 ut
919 618 1188 663 Iudaeorum
1213 634 1324 676 quos
1346 619 1548 662 venenati
1578 632 1674 659 ser-

194 679 350 733 pentes
381 676 728 719 momordissent
757 677 1012 719 vulneribus
1051 676 1303 719 mederetur
1337 676 1495 733 (Num.
1513 677 1585 727 21,
1609 675 1676 727 9.)

194 732 389 788 aliquam
407 730 584 776 Christi
604 735 647 776 in
667 749 839 776 crucem
860 733 1096 790 aliquando
1119 733 1323 786 tollendi,
1354 739 1402 775 ut
1423 732 1674 776 hominibus

196 790 322 830 salus
349 795 611 845 pararetur,
657 792 1023 845 significationem
1051 790 1262 833 divinitus
1293 790 1542 833 continebat
1569 789 1673 834 Joh.

194 847 237 899 3,
258 846 328 890 14.
352 846 440 891 15..
500 847 646 890 Aliud
664 848 796 907 hujus
815 850 878 891 rei
898 850 1146 906 exemplum
1171 850 1194 888 1
1213 847 1316 890 Cor.
1341 849 1408 899 10,
1425 848 1469 891 4.
1489 848 1672 901 legitur.

195 903 295 947 Jam
315 917 389 945 res
409 904 491 946 auti
511 920 701 962 persona
719 913 825 963 typo
845 911 1111 958 monstrata,
1143 919 1275 961 quum
1295 904 1466 959 effigies
1486 904 1546 947 sit
1564 911 1672 963 typo

193 959 467 1019 respondens
500 968 545 1004 et
573 977 842 1018 congruens,
894 961 1131 1011 ἀντίτυπος
1168 961 1420 1018 appellatur
1462 963 1524 1016 (v,
1555 959 1674 1004 ἀντί-

192 1020 324 1068 θεος,
365 1014 639 1075 ἀντίγραφος
663 1027 707 1064 et
725 1020 925 1073 Lexica).
995 1018 1093 1060 Hoc
1122 1024 1251 1076 pacto
1281 1017 1398 1074 quod
1423 1017 1675 1060 hominibus

194 1075 466 1118 Christianis
499 1077 636 1119 saluti
667 1082 737 1120 est
766 1078 987 1119 lavacrum
1016 1075 1113 1134 ejus
1140 1076 1306 1117 lavacri
1335 1070 1573 1117 ἀντίτυποι·
1589 1079 1676 1128 est,

193 1132 313 1189 quod
334 1131 548 1175 Noachus
569 1135 674 1176 olim
701 1134 863 1186 subiit,
895 1147 1027 1189 quum
1057 1146 1138 1202 per
1169 1131 1326 1174 diluvii
1355 1131 1495 1174 undas
1521 1146 1676 1175 serva-

193 1195 320 1232 retur
348 1188 671 1245 (lPetr.3‚21.
703 1185 728 1234 ὃ
750 1192 824 1232 καὶ
843 1186 954 1246 ἡμᾶς
972 1185 1210 1233 ἆντιτυπον
1237 1191 1313 1232 νῦν
1341 1186 1471 1241 σώζει
1500 1186 1675 1243 βάπτι-

193 1261 284 1299 σμα
303 1247 335 1291 i.
355 1261 393 1290 e.
415 1263 530 1304 quae
553 1263 666 1306 aqua
686 1247 851 1290 lavacri
872 1247 940 1288 illi
959 1247 1135 1290 lavacro
1158 1261 1246 1304 quo
1264 1246 1475 1289 Noachus
1500 1261 1672 1288 mersus

192 1309 264 1346 est
291 1318 364 1345 res
401 1304 608 1348 ondentis
635 1308 722 1349 vim
750 1305 917 1346 habens
948 1305 1077 1347 nobis
1108 1319 1283 1361 quoque
1315 1318 1428 1346 nunc
1457 1304 1673 1345 salutaris

190 1365 277 1404 cst.
308 1375 349 1405 v,
416 1362 686 1419 e}·1·.9,24.).
743 1361 893 1419 Quare
913 1375 957 1406 v.
976 1363 1172 1405 Adamas
1198 1362 1405 1417 postremi
1425 1361 1587 1403 Admm'
1603 1366 1672 1414 ty-

188 1431 271 1473 pus
287 1422 351 1459 est
371 1418 453 1460 hoc
473 1420 563 1461 sibi
581 1421 760 1464 volunt:
789 1419 993 1462 Adamus
1015 1419 1104 1464 div.
1126 1419 1331 1461 instituto
1358 1433 1438 1476 per
1465 1418 1671 1473 ambages

191 1473 388 1517 ostendit
416 1472 585 1532 (τύπος
604 1475 720 1533 ἐστι’)
748 1476 838 1535 ipsi
857 1477 1045 1519 similem
1077 1481 1122 1519 et
1151 1475 1489 1534 respondentem
1521 1471 1671 1531 (ἀντί-

188 1533 352 1586 τυπον)
387 1533 588 1575 futurum
620 1533 862 1577 Adamum.
936 1533 1142 1575 Adamus
1179 1547 1262 1590 per
1303 1532 1511 1587 ambages
1548 1546 1670 1575 mon-

190 1593 340 1630 strans
361 1588 549 1645 (τύπος)
567 1594 611 1632 et
629 1595 901 1632 monstratus
919 1587 1200 1645 (ἀντίτυπος)
1233 1603 1284 1631 eo
1305 1589 1422 1632 inter
1443 1605 1490 1632 se
1510 1603 1669 1631 conve-

190 1645 333 1698 niunt,
365 1645 486 1702 quod
502 1652 689 1704 uterque
710 1647 756 1690 in
777 1661 923 1689 omnes
941 1646 1128 1689 homines
1146 1647 1336 1704 aliquam
1357 1649 1437 1689 vim
1457 1648 1668 1699 exer-cuii,

190 1703 452 1759 pestiferam
492 1703 598 1757 ille,
645 1703 716 1745 hic
747 1705 1005 1748 salutarem.
1074 1704 1191 1746 Male
1227 1704 1355 1746 multi
1397 1705 1669 1762 interpretes

189 1760 448 1815 (Pelcey.*),
491 1761 615 1804 Phor.
646 1775 718 1818 ap.
749 1760 884 1814 Oec.‚
932 1761 1082 1813 Grot„
1130 1759 1296 1809 ccdov„
1343 1760 1556 1815 carpzov.
1583 1762 1670 1814 al.)

190 1816 416 1859 Adamum
437 1813 488 1859 ἐκ
505 1818 586 1859 τοῦ
605 1814 806 1859 ἐναντίου
827 1817 997 1862 Christi
1012 1816 1153 1858 τύπον
1179 1818 1395 1859 nominari
1415 1816 1668 1874 perhibent.

187 1873 347 1930 Neque
367 1873 485 1915 enim
509 1868 532 1914 ὁ
550 1870 691 1923 τύπος
717 1887 834 1926 rem,
864 1888 976 1929 quae
1001 1871 1133 1914 aliam
1160 1887 1251 1914 rem
1284 1874 1372 1931 ipsi
1401 1874 1668 1916 contrariam

187 1931 402 1974 divinitus
422 1936 734 1988 repraesentet
753 1937 899 1983 notat,
931 1943 1060 1986 quam
1079 1929 1167 1971 vim
1189 1944 1242 1971 ne
1261 1925 1284 1971 ὁ
1305 1927 1542 1980 ἀντίτυπος
1568 1931 1670 1988 qui-

189 1989 286 2031 dem
318 1988 477 2041 hahet,
518 1987 606 2030 nisi
635 1987 753 2044 apud
774 1986 936 2030 Patres
968 1987 1126 2030 eccles,
1157 1989 1218 2042 (v,
1245 1986 1413 2030 Suiceri
1433 1986 1574 2032 Thes.
1595 2002 1669 2029 ec-

189 2047 297 2090 cles.
325 2044 376 2098 I,
406 2060 453 2103 p.
473 2044 598 2101 387.)
627 2049 672 2087 et
701 2045 972 2087 recentiores
999 2043 1273 2100 Theologos.
1347 2042 1583 2088 Praeterea
1611 2045 1669 2090 P.

188 2104 233 2147 h.
263 2104 295 2147 l.
335 2108 380 2144 et
404 2102 537 2144 affert
567 2107 610 2144 et
637 2102 797 2145 afferre
835 2100 964 2143 dehet
1003 2101 1348 2154 similitudinem,
1396 2117 1510 2159 quae
1547 2103 1668 2145 inter

188 2167 426 2217 utrumque
471 2158 696 2202 Adamum
745 2158 1014 2211 intercedat3
1079 2172 1229 2200 eorum
1276 2159 1668 2202 dissimilitudinem

189 2218 398 2274 deinceps
414 2232 456 2261 v.
480 2217 549 2260 15.
569 2232 637 2274 sq.
688 2217 954 2273 ersequitur.
1014 2213 1185 2274 Nempe
1207 2230 1260 2257 ne
1290 2231 1439 2259 onmes
1465 2217 1666 2259 homines

188 2276 244 2316 ab
264 2274 444 2317 Adamo
463 2289 604 2331 usque
621 2231 849 2316 aXMosen
873 2278 1056 2331 propter
1077 2288 1155 2314 sua
1171 2277 1344 2330 peccata
1368 2274 1503 2316 aDeo
1526 2280 1666 2317 morte

189 2332 370 2375 affectos
397 2346 498 2375 esse
526 2333 760 2383 miremur,
804 2332 1030 2389 sapienter
1059 2330 1105 2372 id
1132 2330 1279 2372 Deum
1314 2329 1479 2374 idcirco
1503 2331 1666 2374 fecisse

191 2391 285 2448 Ap.
315 2394 486 2444 monet,
533 2389 651 2447 quod
679 2388 904 2434 Adamum
944 2403 1023 2447 per
1051 2388 1250 2431 umbram
1279 2387 1504 2432 Christum
1542 2403 1667 2431 mon-

1520 2451 1666 2490 stram

235 2612 271 2656 0¹)
298 2610 368 2643 Sed
398 2623 470 2645 non
497 2610 657 2645 constitit
686 2609 754 2645 sibi
775 2610 916 2652 Pelag..
967 2608 1041 2652 Qui
1061 2614 1099 2643 ut
1118 2620 1223 2643 suum
1241 2609 1456 2642 imitationis
1469 2612 1658 2651 peccatum

283 2658 320 2692 in
345 2657 439 2691 hunc
459 2658 482 2690 l.
505 2657 687 2691 inveheret
705 2657 884 2690 Aila-num
904 2656 1035 2690 Christi
1055 2662 1178 2701 typum
1197 2668 1239 2689 eo
1261 2655 1398 2689 dictum
1418 2668 1493 2689 esse
1521 2653 1659 2696 adjecit,

285 2704 382 2750 quod
408 2704 464 2737 illc
488 2704 558 2738 Dei
590 2703 703 2748 legem
733 2704 888 2747 migrare
916 2702 1122 2737 volentibus
1147 2702 1307 2746 exemplo
1336 2701 1478 2743 suisset,
1514 2699 1568 2733 hic
1586 2698 1655 2731 Dei

285 2748 509 2786 voluntalem
547 2749 751 2795 complexus
781 2748 983 2795 exemplum
1015 2755 1104 2782 esset
1139 2747 1270 2782 imitari
1306 2759 1388 2781 eum
1422 2744 1658 2790 cupientibus.

286 2796 388 2832 Hanc
407 2797 664 2841 expositionem
683 2809 757 2831 nou
777 2795 929 2831 admittit
953 2801 1119 2831 contexta
1137 2793 1251 2829 oratio
1279 2799 1330 2838 (γ.
1348 2795 1482 2838 supra).
