1752 3347
136 142 217 187 168
412 140 791 187 ErlsToLA
825 143 928 188 AD
960 143 1320 190 ROMANOS

134 262 214 290 cua
254 248 368 291 facta
405 249 448 291 in
479 249 567 291 Dei
595 249 768 291 laudem
799 250 957 302 vertit,
995 263 1073 291 cur
1099 250 1272 292 tandem
1299 250 1438 292 adhuc
1463 253 1599 308 (male

132 304 291 347 Rueck.
312 303 386 347 καί
407 305 461 347 ab
481 303 565 360 ἐγώ
587 305 802 364 sejunxit3
833 320 873 350 v.
895 308 1050 363 supra)
1072 310 1120 348 ut
1139 306 1265 348 homo
1285 305 1507 362 improbus
1519 324 1599 366 pu-

133 361 233 402 nior
255 365 298 402 et
317 376 394 403 eur
414 376 523 413 non,
555 361 671 417 quod
693 376 759 404 me
786 362 967 404 Paulum
993 362 1046 417 (l)
1073 363 1219 405 facere
1244 367 1287 404 et
1315 361 1470 405 docere
1494 379 1599 407 non-

132 416 245 458 nulli
265 431 344 474 per
363 418 669 459 contumeliam
691 418 855 468 dicunt,
881 419 1037 460 faciam
1061 420 1190 471 mala,
1223 424 1269 461 ut
1288 418 1399 460 hona
1420 433 1602 463 nascan-

131 468 238 516 tur?
278 473 405 516 Tales
426 474 637 527 homines,
673 474 814 531 inquit
834 473 910 528 Ρ.,
943 475 1049 530 jure
1078 477 1308 531 meritoque
1328 477 1423 518 Deo
1443 490 1604 530 poenas

129 529 308 572 dabunt.
366 530 433 572 At
451 530 565 572 enim
585 544 687 573 vero
710 547 751 575 v.
769 533 810 575 5.
831 546 914 574 non
935 531 1092 576 Judaei
1113 547 1257 574 sermo
1278 533 1494 585 refertur,
1526 531 1604 574 sed

131 583 185 628 P.
227 585 322 642 ipse
354 586 484 628 affert
513 592 624 643 quae
656 589 757 644 quis
787 589 977 648 objicere
1008 590 1178 647 possit,
1227 595 1275 632 ut
1305 603 1352 631 ea
1396 589 1603 633 infirmet.

131 642 282 697 Quare
317 645 557 685 orationem
580 647 856 689 :continuare
883 645 1078 690 Judaeus
1106 661 1145 689 v·
1174 647 1216 688 7.
1247 646 1424 702 nequit,
1475 660 1605 703 quam

129 713 184 740 ne
205 713 393 741 exorsus
417 699 588 756 quidem
613 701 673 743 sit
695 717 736 746 v.
758 704 817 746 5..
874 701 1051 745 Deinde
1081 703 1120 744 si
1151 701 1344 748 Judaeus
1375 703 1418 745 h.
1448 703 1479 746 l.
1510 717 1605 744 cum

129 754 184 799 P.
205 756 469 812 colloquium
500 762 692 813 sereret,
734 759 811 802 ille
842 759 896 801 ab
928 762 1022 817 Ap.
1055 774 1095 804 ν.
1129 760 1171 803 6.
1204 760 1512 816 interpellatus
1544 759 1605 801 ita

129 826 315 869 pergere
334 812 536 867 deberet,
566 819 614 856 ut
634 821 678 857 et
697 830 793 858 eum
816 830 971 858 rursus
1001 816 1126 889 loqui
1156 821 1199 859 et
1219 814 1357 857 Paulo
1387 815 1607 858 obsistere

130 883 172 912 v.
193 870 235 912 7.
254 875 489 928 appareret
507 871 588 913 hoe
605 872 697 913 sere
717 888 798 917 m.:
829 870 945 915 ἀλλ’
970 871 1018 915 εἰ
1053 891 1076 930 'a'
1101 870 1296 928 ἀλήθεια
1319 888 1352 913 τ.
1377 875 1422 913 θ.
1447 889 1483 913 κ.
1508 888 1545 914 τ.
1567 872 1604 913 λ.

132 925 196 967 At
215 926 254 967 si
271 952 326 958 —
343 922 433 970 —2
471 928 515 970 h.
534 942 574 972 e..
595 933 641 971 at
661 944 742 972 non
761 930 1008 972 concussisti
1020 963 1030 982 ,
1075 930 1234 982 1'cmle5
1270 943 1405 970 meam
1438 933 1608 970 senten-

129 982 263 1036 tetam,
301 998 429 1040 quum
460 984 568 1041 quae
600 985 783 1043 afferam
807 987 1049 1028 certissima
1079 986 1182 1028 sint.
1255 982 1494 1026 Praeterea
1528 984 1608 1028 Ju-

131 1037 268 1080 daeus
289 1040 369 1081 hoe
389 1045 515 1097 pacto
547 1056 631 1083 non
665 1042 790 1084 modo
822 1051 945 1083 suam
974 1056 1014 1085 v.
1044 1042 1086 1084 5.
1117 1041 1381 1084 sententiam
1408 1041 1609 1083 enuclea-

130 1095 221 1137 tius
242 1099 488 1154 expositam
513 1099 699 1150 iterare,
742 1098 820 1140 sed
847 1098 979 1139 simul
1014 1096 1140 1140 Pauli
1168 1102 1473 1154 argumentum
1501 1112 1542 1142 v-
1565 1098 1608 1141 6.

130 1153 356 1196 confutare
378 1154 590 1197 debuerat
610 1169 651 1198 v.
669 1157 711 1200 7.
734 1155 793 1199 8..
860 1155 1070 1197 Vicissim
1093 1153 1277 1197 Paulum
1300 1169 1340 1198 v.
1361 1156 1403 1198 8.
1422 1153 1478 1196 ad
1498 1169 1611 1207 eum,

131 1224 314 1279 quocum
354 1212 706 1268 colloqueretur,
750 1211 882 1254 verba
924 1211 1118 1266 dirigere
1159 1216 1415 1269 oportuerat
1454 1212 1497 1255 h.
1546 1225 1610 1255 r.:

131 1264 231 1307 αλλ’
266 1264 437 1309 ἔνδικόν
468 1282 567 1310 σου
597 1268 646 1308 τὸ
677 1266 824 1322 κρίμα.
884 1267 1117 1324 Denique,
1154 1283 1206 1310 ne
1234 1268 1413 1323 longius
1444 1268 1611 1320 abeam,

131 1322 171 1363 si
200 1322 395 1366 Judaeus
429 1338 466 1367 v.
497 1327 539 1368 7.
571 1324 614 1367 8.
645 1324 696 1366 de
725 1340 772 1367 se
803 1326 1089 1381 loqueretur,
1133 1325 1204 1367 ine
1239 1330 1280 1366 te
1312 1325 1507 1383 profecto
1540 1323 1609 1377 Ρ.,

131 1393 244 1434 quae
267 1379 319 1421 de
347 1396 393 1422 se
422 1381 564 1423 obiter
595 1380 739 1424 dicere
770 1383 1100 1435 constituisset,
1139 1340 1298 1426 Ju-faoi
1327 1382 1517 1424 orationi
1548 1382 1613 1423 sic

130 1435 414 1490 intonasset,
445 1442 493 1479 ut
517 1439 656 1495 prima
679 1440 867 1496 persona
891 1455 997 1481 usus
1019 1435 1447 1493 (βλασφημούμεθα,
1476 1435 1612 1494 ἡμᾶς)

132 1491 329 1546 Ῑιιάἢοοζ
367 1494 442 1550 qui
466 1500 510 1537 et
531 1495 626 1551 ipse
648 1494 701 1537 de
729 1511 776 1538 se
807 1496 943 1553 prima
976 1497 1162 1553 persona
1196 1495 1386 1546 diceret,
1427 1495 1613 1537 interlo-

135 1553 360 1604 queretur.
418 1549 513 1594 Irno
535 1553 573 1592 si
594 1567 705 1607 quae
724 1552 776 1594 de
795 1567 842 1594 se
866 1552 979 1593 dieta
1005 1551 1054 1596 P.
1079 1552 1121 1594 h.
1144 1553 1176 1595 l.
1210 1552 1432 1605 voluerat,
1463 1566 1509 1592 ea
1534 1551 1612 1595 Ju-

133 1606 242 1648 daeo
278 1606 457 1649 dicenda
488 1609 706 1664 subjicere
740 1608 950 1650 debuerat
977 1609 1019 1651 h.
1054 1622 1115 1651 r.:
1137 1633 1187 1638 —
1230 1609 1300 1648 καὶ
1332 1604 1417 1661 μή.
1461 1607 1614 1658 καθὼς

134 1660 228 1704 τὸν
252 1663 482 1705 flamm
521 1659 660 1719 φἀσί
699 1680 850 1714 τινες
893 1668 1080 1706 ποιεῖν
1116 1679 1171 1705 τε
1201 1666 1293 1705 καί
1324 1663 1512 1719 λέγειν
1543 1661 1614 1706 ὅτι

133 1730 170 1760 κζ
191 1734 228 1761 τ.
254 1719 307 1759 λ..
369 1723 437 1762 At
457 1721 661 1763 nimirum
691 1726 859 1764 tantum
893 1721 1093 1763 nonnulli
1123 1721 1165 1762 in
1198 1719 1246 1764 P.
1276 1720 1416 1761 fuisse
1448 1720 1615 1776 ingenii

133 1775 348 1818 fervorem
370 1777 553 1820 creduut
574 1783 827 1835 tantamque
862 1779 1020 1820 mentis
1054 1777 1452 1834 perturbationem,
1489 1783 1538 1820 ut
1567 1792 1615 1819 se

134 1846 230 1873 cum
255 1831 427 1876 Judaeo
459 1834 771 1888 confunderet,
810 1850 993 1892 quocum
1021 1834 1089 1876 dis
1125 1839 1285 1876 utaret.
1346 1833 1406 1876 V.
1427 1835 1470 1878 9.
1517 1833 1615 1876 Du-

135 1888 269 1930 bitari
290 1904 374 1931 non
398 1896 566 1947 potest,
607 1892 708 1948 quin
742 1893 810 1933 bic
842 1908 904 1934 vs.
934 1892 1029 1933 siue
1058 1850 1148 1934 ullo
1182 1889 1336 1932 mendo
1367 1890 1440 1934 sit.
1498 1890 1614 1932 Nam

137 1945 252 2002 quod
273 1946 398 1999 Syr„
434 1947 707 1999 Theodorei„
738 1949 938 2000 Severus,
971 1948 1112 2000 clar„
1143 1948 1304 1990 Boern.
1333 1961 1410 2004 pro
1440 1945 1482 1988 τί
1517 1941 1615 1999 οὗν,-

135 2002 449 2059 προεχόμεθα,·
480 2004 640 2047 habent
660 2004 702 2046 τί
725 1999 799 2046 οὖν
818 2003 982 2057 κατέχ
995 2020 1055 2057 ομ
1071 2021 1089 2047 ε
1104 2021 1124 2045 ν
1147 2005 1238 2060 [De
1272 2004 1328 2047 G.
1351 2004 1423 2046 31.
1454 2001 1617 2060 Chrys.

136 2059 180 2101 in
201 2058 283 2103 Mt.
310 2059 354 2102 3.
374 2060 417 2103 8.
453 2059 822 2115 προκατέχημεν]
857 2061 1093 2117 περισσῶς
1133 2061 1298 2103 omisso
1329 2059 1535 2118 deinceps
1567 2059 1618 2102 οὗ

136 2114 469 2172 πάντως((μιο(1
491 2124 634 2160 tamen
654 2123 800 2159 servat
821 2118 914 2171 31.)
941 2123 985 2159 et
1015 2117 1096 2172 γάρ
1125 2116 1264 2176 (quod
1292 2117 1543 2160 Theodorei.
1575 2121 1618 2159 et

135 2172 318 2215 Severus
348 2174 585 2229 retinent),
622 2175 901 2216 manifestum
934 2180 1000 2216 est
1030 2176 1234 2230 vulgatae
1263 2173 1467 2216 lectionis
1499 2174 1619 2228 glos-

136 2243 271 2272 sema.
301 2229 501 2273 Fuerunt
521 2232 635 2274 enim
656 2232 903 2288 antiquitus
927 2232 1033 2273 bene
1055 2232 1196 2284 multi,
1218 2232 1292 2288 qui
1317 2228 1355 2270 τί
1378 2225 1454 2271 m'w
1475 2245 1619 2287 πρηε-

133 2282 339 2338 χ(3μει9·α,·
369 2287 414 2329 in
436 2288 548 2330 hune
567 2303 741 2331 sensum
764 2290 877 2330 male
905 2289 1187 2345 copularent:
1264 2288 1355 2329 nid
1383 2287 1514 2342 iya‘tm·
1543 2302 1621 2329 nos

136 2341 340 2398 (Judaei)
368 2345 573 2387 habemus
600 2340 856 2401 praecipui?
900 2347 976 2400 (cs.
1010 2346 1165 2399 infra.)
1270 2358 1324 2385 uo
1355 2343 1471 2385 facto
1500 2359 1541 2387 v.
1569 2342 1621 2385 οὗ

139 2395 316 2450 πάντως
338 2399 618 2456 deleverunt,
650 2417 833 2471 quorum
861 2402 918 2443 ita
943 2403 1092 2444 nullus
1114 2416 1222 2444 usus
1249 2404 1367 2443 esset
1399 2401 1619 2457 (require-

137 2453 268 2496 batur
286 2457 399 2499 enim
424 2457 588 2501 οὐδὲν
609 2461 806 2514 παντως)
830 2465 870 2499 et
892 2460 1089 2501 nonnulli
1111 2459 1242 2501 etiam
1275 2457 1357 2513 γάρ
1389 2456 1620 2500 oblittera-

140 2515 259 2554 runt.
334 2513 610 2572 Quamquam
654 2515 749 2557 ficri
790 2521 960 2573 potest,
999 2523 1046 2559 ut
1088 2517 1362 2569 glossatores
1401 2515 1618 2557 notionem

136 2568 360 2622 praecipu?
382 2572 559 2615 fortiter
577 2573 850 2615 enuntiatnri
874 2572 926 2614 de
949 2571 1166 2615 industria
1195 2571 1441 2614 scriberent
1473 2570 1516 2613 τί
1546 2564 1620 2613 οὖν

145 2628 474 2688 :monam-'Zona'
497 2651 625 2689 περι
642 2632 797 2686 σσόν;
819 2642 962 2677 tamen
985 2650 1054 2690 ,Ἶρ
1069 2633 1341 2687 οκατέχομεν
1359 2648 1382 2676 e
1402 2630 1618 2690 scriptura

142 2692 317 2747 vulgata
342 2693 635 2748 προεχόμεθα
657 2695 842 2754 ejusque
867 2700 1132 2752 glossemate
1161 2692 1428 2754 καιῑίχυμεν
1459 2704 1620 2747 περίσ-

144 2753 224 2799 σόν
245 2756 519 2799 commistum
553 2769 651 2796 esse
681 2757 890 2801 arbitror.
962 2755 1030 2800 lta
1059 2764 1109 2800 ut
1142 2759 1327 2801 sentiam
1358 2756 1460 2799 facit
1488 2751 1619 2794 lectio

148 2820 199 2863 E.
224 2833 295 2876 ap.
317 2818 433 2862 Mill.
459 2816 498 2858 τί
520 2812 593 2858 οὖν
615 2817 998 2874 ,Ἶροκατεχόμεθα
1031 2820 1134 2877 (hoc
1163 2826 1312 2879 aperte
1345 2834 1367 2859 e
1403 2810 1619 2870 7100616-
