1752 3347
218 122 304 164 412
503 115 876 162 EPISTOLA
910 119 1013 161 AD
1044 116 1407 162 ROMANOS

218 226 288 268 vel
341 238 420 280 per
466 225 774 268 conclusionem
812 224 884 281 (1)
940 223 995 266 ad
1045 239 1136 268 rem
1193 231 1469 283 praesentem
1518 224 1686 267 traduci

213 281 395 336 (Rueck.
415 282 559 324 itcuue
578 279 766 324 Peccato
790 281 978 340 subjecti
999 287 1128 335 sunt,
1158 282 1232 338 qui
1256 280 1484 325 Peccatum
1499 314 1510 334 ‚
1540 281 1689 324 Hone-

215 337 347 391 stati,
385 338 462 394 qui
484 296 773 381 l-Ionestatem
807 338 959 382 herum
992 338 1077 379 sibi
1104 339 1418 396 praefecerint)
1447 342 1688 382 autumant.

214 394 369 436 Verba
401 394 514 437 enim
546 410 696 437 eorum
726 395 923 452 opinioni
948 396 1212 450 reclamant,
1261 412 1374 453 quae
1408 396 1583 447 nonnisi
1610 395 1689 437 hoc

213 450 384 495 dicant:
416 452 486 494 cui
504 456 547 494 te
569 467 741 495 servum
766 452 1022 510 obsequium
1046 454 1364 509 praestiturum
1384 453 1562 504 offeras,
1592 451 1688 510 ejus

213 508 284 551 cui
303 513 346 550 te
371 509 585 551 obtuleris
605 523 758 552 servus
779 524 826 551 es
840 543 851 564 ,
889 511 966 552 hoc
987 515 1050 552 est
1070 514 1145 551 aut
1171 508 1345 553 peccati
1366 516 1439 552 aut
1464 509 1520 552 Sa
1530 509 1686 550 nctita-

212 565 290 610 tis.
349 565 524 608 Deinde
551 567 664 608 male
692 581 785 608 cum
813 567 856 610 h.
882 568 914 610 l.
946 566 1161 625 ejusmodi
1190 568 1222 611 l.
1249 566 1453 610 contendi
1488 567 1689 622 (Carpz.‚

211 623 382 677 Kopp„
424 623 668 678 Tleolncc.),
706 623 751 665 in
772 624 932 680 quibus
953 624 1150 665 homines
1174 624 1386 682 improbi,
1425 623 1630 680 quoniam
1661 637 1689 664 a

209 739 309 788 tur,
336 735 423 778 viri
452 736 578 790 boni,
621 738 722 794 quia
746 738 884 780 nullis
902 737 1136 779 libidinum
1157 738 1344 780 vinculis
1367 736 1596 778 constricti
1617 750 1685 777 re-

208 797 277 835 cta
301 800 544 850 sequantur
562 795 759 837 volentes
779 801 822 837 et
841 795 1068 846 lubenter,
1102 795 1188 835 soli
1210 809 1308 837 esse
1329 793 1458 835 liberi
1480 792 1686 835 dicuntur

207 851 271 905 (v.
290 849 394 894 Joh.
412 850 455 904 8,
479 851 550 893 32.
572 852 645 895 34.
667 856 711 892 et
734 851 796 893 ibi
826 851 1019 906 newa),
1049 851 1093 892 in
1114 856 1289 909 promtu
1310 856 1393 894 est.
1453 850 1549 892 Hoc
1571 850 1684 891 enim

209 907 304 949 vult
322 906 442 964 Ap.:
478 907 549 950 cui
576 911 620 950 te
647 908 958 964 obsequiosum
978 923 1145 951 serrum
1176 908 1228 963 (i.
1254 923 1292 952 e.
1317 908 1388 950 hic
1411 906 1584 964 quidem
1605 906 1684 948 mi-

205 963 415 1016 nistrum3
454 979 495 1009 v.
516 979 558 1008 v.
579 966 645 1020 6.)
676 965 915 1021 praebeas,
952 966 992 1007 ei
1023 970 1091 1006 cst
1111 965 1194 1006 tibi
1210 1001 1221 1019 ‚
1262 980 1392 1022 quum
1415 972 1458 1006 te
1480 965 1522 1006 ei
1545 961 1684 1005 tradi-

206 1019 330 1062 deris
349 1035 487 1077 eaque
510 1026 616 1064 rete
640 1021 914 1064 obedientem
943 1022 984 1064 ei
1012 1023 1106 1063 sore
1131 1020 1453 1075 declaraveris,
1489 1035 1582 1063 mos
1609 1034 1685 1076 ge-

204 1076 374 1119 rendus
397 1084 438 1121 et
461 1079 628 1145 qec'e‘dem
657 1084 734 1121 aut
752 1078 939 1122 Peccato
954 1113 965 1134 ‚
1003 1083 1080 1121 aut
1103 1078 1363 1131 Sanctitati3
1403 1093 1487 1120 non
1508 1077 1588 1120 hoc
1619 1077 1684 1118 as-

206 1134 380 1178 firmat:
409 1149 479 1177 cui
499 1139 542 1177 te
563 1137 830 1191 morigerum
850 1151 1024 1179 servum
1051 1135 1236 1190 oss'eras,
1267 1137 1310 1180 in
1330 1135 1448 1195 ejus,
1479 1135 1522 1178 h.
1543 1149 1582 1177 e.
1606 1138 1683 1176 aut
1723 1170 1726 1172 .

205 1189 385 1233 Peecati
405 1198 481 1234 aut
498 1191 783 1247 Honestatis,
828 1198 1092 1252 potestatem
1128 1194 1190 1235 ita
1223 1194 1374 1246 venis,
1413 1198 1459 1235 ut
1479 1197 1554 1233 aut
1570 1189 1681 1233 illud

205 1253 281 1290 aut
303 1248 410 1291 haec
431 1250 609 1292 invitum
633 1255 676 1293 te
700 1250 876 1304 trudat,
910 1266 1170 1308 quocunque
1193 1251 1400 1294 voluerit.
1458 1247 1582 1292 Infra
1608 1247 1682 1290 de-

204 1320 320 1347 mum
339 1320 380 1350 v.
401 1306 470 1350 18.
492 1321 561 1363 sq.
588 1308 761 1364 plenam
781 1309 999 1351 servituris
1018 1314 1060 1350 et
1082 1308 1299 1352 libertatis
1318 1307 1540 1350 notionem
1565 1304 1615 1349 P.
1636 1306 1681 1347 in

200 1363 390 1405 lectores
416 1364 643 1408 transfert.
685 1392 742 1398 -
801 1366 951 1408 Acute
979 1370 1124 1407 autem
1145 1365 1240 1423 Ap.
1269 1366 1347 1407 has
1369 1364 1582 1406 formulas
1604 1377 1680 1404 ex-

201 1420 430 1477 aequavit:
462 1418 722 1477 παριστάνω
743 1421 932 1475 ἐμαυτὸν
957 1422 1117 1465 domm
1135 1438 1220 1465 τινι
1241 1420 1304 1474 εἷς
1326 1418 1682 1477 ἱκτακοῇνψντιρ-

198 1476 281 1518 heo
311 1492 377 1520 me
405 1478 657 1521 ministrum
685 1480 819 1522 alicui
850 1479 905 1522 ad
934 1480 1194 1537 obsequium
1217 1480 1258 1522 ei
1279 1477 1615 1538 praestandum)
1637 1481 1683 1519 et

202 1533 364 1584 δοῦλός
384 1533 478 1589 εἶμι
512 1537 628 1591 [scil.
652 1535 839 1593 ἐκείνου]
875 1533 911 1595 ᾧ
938 1534 1151 1580 ὑπακούω
1185 1540 1299 1592 [sum
1327 1537 1532 1578 minister
1561 1538 1680 1590 (sum

197 1590 244 1631 in
265 1594 509 1647 potestate)
530 1593 626 1652 ejus
650 1595 717 1637 cm'
734 1593 973 1652 obsequium
991 1599 1167 1649 praesto
1189 1595 1218 1639 i.
1243 1610 1285 1651 q.
1309 1595 1378 1636 cui
1405 1608 1471 1635 me
1492 1592 1680 1647 morige-

196 1660 293 1688 rum
327 1649 580 1690 ministrum
612 1651 823 1718 praebui,
863 1651 1023 1700 δοῦλός
1051 1648 1143 1704 εἶμι
1173 1650 1343 1694 ἐκείνου
1371 1645 1404 1707 ᾧ
1426 1648 1680 1704 παρέστησα

198 1701 390 1756 ἐμαυτὸν
412 1704 571 1746 δοῦλον
589 1720 654 1754 εις
672 1703 908 1761 ὑπακοήν]
949 1707 1017 1750 Cf.
1041 1712 1130 1750 not.
1151 1707 1205 1748 ad
1225 1708 1265 1760 5,
1285 1709 1349 1751 17.
1373 1723 1417 1764 p.
1439 1707 1558 1748 336..
1588 1705 1679 1748 Hic

196 1774 353 1802 coecus
374 1761 435 1802 sit
458 1766 656 1817 oportet,
696 1762 772 1818 qui
796 1775 943 1803 vocem
967 1763 1121 1804 ὁοῖλοι
1140 1762 1196 1803 ad
1217 1762 1405 1810 δούλους
1428 1768 1471 1803 et
1493 1761 1624 1803 verba
1643 1755 1679 1817 ᾦ

196 1813 446 1859 ὑπακούετε
467 1817 523 1859 ad
541 1816 606 1866 εἷς
627 1814 828 1873 ὑπακοήν
849 1818 1009 1860 referri
1037 1832 1123 1859 non
1142 1817 1304 1862 videat.
1376 1819 1567 1860 Temere
1595 1817 1677 1873 igi-

193 1886 269 1925 tur
289 1881 397 1941 (5015).
413 1895 516 1930 ους
545 1899 774 1942 expungas
794 1884 1019 1940 (lincoln),
1063 1884 1179 1941 quod
1203 1886 1246 1927 in
1271 1886 1337 1926 17.
1360 1885 1434 1929 48.
1457 1900 1536 1942 per
1556 1899 1678 1927 erro-

193 1955 314 1994 rem,
361 1942 406 1984 in
431 1957 557 1999 quem
578 1941 748 1984 scribas
778 1942 1161 1984 homoeoteleuton
1179 1938 1412 1997 (ἕαυτοὺς
1441 1941 1678 1997 boll-ovs)

191 1997 395 2052 induxit,
443 1999 654 2042 omissum
684 2004 770 2041 est.
845 1998 1002 2055 Neque
1037 2005 1212 2041 servato
1243 2014 1282 2042 v.
1315 1995 1502 2048 δούλοις
1534 1999 1676 2041 solum

193 2053 296 2098 ἐστέ
331 2055 504 2113 pondus
545 2056 678 2098 habet
715 2055 944 2112 (Rueck).
1039 2054 1136 2098 Imo
1174 2055 1430 2113 queucte‘om':
1489 2055 1678 2113 praebeo

196 2127 264 2154 me
294 2114 427 2156 alicui
458 2113 736 2167 ministrum,
775 2113 851 2169 qui
884 2113 927 2155 ei
955 2112 1215 2178 obsequium
1249 2112 1463 2170 pollicear
1493 2128 1678 2171 respon·
1727 2125 1730 2132 ’

194 2168 270 2211 det
315 2171 525 2228 loqzmtio:
578 2171 782 2212 minister
828 2185 924 2212 sum
975 2170 1095 2227 ejus,
1144 2185 1215 2212 cui
1271 2169 1530 2225 obsequium
1598 2170 1677 2212 ›ol-

193 2226 344 2269 licitus
371 2229 453 2270 sim
485 2231 562 2270 aut
590 2243 718 2285 quem
750 2227 857 2269 mihi
889 2226 1110 2284 dojninum
1134 2227 1482 2284 praeposuerim.
1555 2224 1675 2269 llud

196 2298 369 2345 quoque
397 2285 678 2343 perspicuum
712 2289 804 2338 est,
854 2299 894 2329 v.
921 2286 956 2340 ᾡ
996 2280 1239 2327 {vanai-eve
1270 2298 1409 2341 neque
1430 2283 1676 2328 redundare
1710 2315 1716 2326 .

195 2342 409 2397 (stuppa),
449 2348 493 2385 et
514 2344 627 2384 male
647 2342 835 2399 exponi:
874 2343 943 2383 cui
970 2341 1149 2384 obedire
1171 2356 1248 2383 vos
1267 2346 1461 2393 oporteat
1482 2340 1676 2395 (sslorus,

200 2397 373 2453 Flam),
403 2414 531 2456 quum
552 2401 592 2441 ei
610 2399 817 2442 obediatis
838 2399 1061 2454 (Gallim),
1089 2400 1207 2455 eique
1226 2393 1283 2456 (ᾦ
1308 2399 1395 2463 Lq.
1419 2398 1491 2439 καί
1513 2397 1677 2455 refugi)
1711 2435 1719 2447 ,

198 2454 501 2510 obtemperatis
522 2457 791 2514 (Thelme),
829 2461 1094 2512 qutttenus
1127 2453 1579 2512 obsceletittiete{(Pl10t.
1603 2470 1676 2514 ap.

197 2510 304 2555 Oce.
335 2539 390 2580 -Ι-
418 2509 448 2570 ἢ
466 2512 516 2556 τὸ
539 2516 573 2570 (ιῖ)
598 2510 840 2556 ὑπακούετε
869 2513 1038 2565 μᾶλλον
1065 2510 1159 2554 ἀντὶ
1181 2513 1260 2554 τοῦ
1293 2511 1345 2554 ἓν
1375 2514 1409 2567 q‘t
1440 2513 1512 2553 καί
1543 2508 1670 2554 καθ’

196 2561 220 2579 u
1076 2570 1084 2579 .
1187 2568 1198 2578 0
1267 2570 1278 2583 ‚
1496 2569 1505 2578 .

197 2584 254 2609 02·
286 2571 560 2625 monnau),
595 2586 641 2613 eo
669 2570 776 2626 quod
801 2569 1106 2638 obtemperatis
1137 2571 1222 2626 (sic
1245 2570 1392 2626 bron,
1432 2584 1507 2625 qui
1536 2574 1672 2611 torum
1720 2607 1721 2612 ,

197 2626 308 2666 bunc
334 2627 365 2682 l,
388 2641 595 2682 perverse
619 2627 892 2669 construxit:
923 2642 1001 2667 orn
1021 2624 1105 2689 oid.
1120 2659 1131 2678 ,
1171 2626 1242 2668 ὅτι
1268 2628 1302 2681 ῲ
1323 2641 1503 2681 :mozon
1525 2622 1559 2667 ἓ.
1580 2626 1615 2667 ὁ.
1637 2639 1668 2666 ε.

205 2679 213 2692 ι
349 2687 355 2695 .
394 2681 406 2698 ς
551 2684 560 2698 ,
740 2685 759 2692 ..,
853 2681 860 2694 o
900 2681 911 2696 ι
1051 2677 1074 2692 ,Ι
1193 2680 1204 2694 t
1452 2678 1496 2693 ›s‹
1533 2684 1544 2691 -

200 2697 298 2736 mn,
331 2699 366 2737 ῳ
389 2700 634 2727 ιτῑακουετε
665 2683 854 2725 duvia:
891 2698 1017 2725 eote
1050 2699 1166 2738 15r01
1193 2686 1294 2736 Αμ.
1326 2698 1360 2724 ε.
1381 2687 1427 2724 a.
1451 2699 1470 2738 r,
1509 2685 1552 2725 ).
1575 2696 1609 2724 ε.
1631 2679 1670 2724 δ.
1716 2703 1717 2706 ’

196 2740 366 2793 l'ugitne
389 2756 479 2794 vos,
509 2757 560 2783 eo
587 2739 702 2798 quod
731 2754 808 2783 vos
833 2740 1108 2797 mancipetis,
1138 2740 1218 2782 hoc
1239 2740 1415 2796 inquam
1438 2740 1535 2797 ipso
1557 2736 1670 2793 quod

196 2797 400 2840 serxiatis
422 2813 564 2842 servos
586 2814 653 2841 ros
674 2813 773 2841 esse
794 2803 869 2840 aut
894 2798 1124 2841 Peccati—
1140 2801 1214 2840 aut
1236 2798 1358 2851 eto),
1389 2812 1440 2840 ue
1461 2796 1584 2854 plura
1609 2794 1672 2836 in-

209 678 397 720 libidine
422 677 508 721 huc
531 678 640 722 illuc
671 687 927 738 rapiantur,
963 680 1255 737 cupiditatum
1285 695 1502 735 munt-qna
1531 693 1687 720 vocan-
1722 671 1752 720 ⁸:

1749 821 1752 844 1

1743 920 1752 1025 i

1747 1612 1752 1620 .
1748 1550 1752 1553 .
1742 1430 1752 1515 3——1
