1752 3347
522 170 682 216 cAP.
713 169 774 216 V.
817 169 999 217 Vs..2..
1405 171 1493 215 257

13 278 230 339 paganis,
261 278 338 334 qui
369 276 723 322 Christianorum
750 277 924 321 decreta
954 275 1286 329 cavillarentur,
1315 277 1488 331 legere-

18 340 111 382 ὧν.
155 335 369 388 Accedit,
399 335 514 392 quod
534 350 726 378 summae
748 335 1012 378 temeritatis
1036 334 1198 385 crimen
1221 348 1244 376 a
1268 335 1488 378 Tleolnclfz'o

17 393 65 436 in
86 391 139 436 P.
168 393 406 436 confertur.
467 392 556 447 Qui
577 394 615 435 si
637 393 814 444 metuit,
844 407 896 434 ne
921 392 1108 445 gentiles
1134 391 1248 433 vitae
1278 391 1488 433 beatissi-

20 463 116 491 mae
135 464 257 506 spem
279 463 301 490 a
326 448 593 492 Christianis
613 456 862 506 conceptam
883 448 1156 501 deriderent,
1184 448 1321 490 multo
1345 449 1488 503 magis

19 510 215 548 metuere
233 505 397 557 debuit,
427 520 481 546 ne
504 506 560 546 iis
582 506 778 546 homines
800 506 954 548 christ.
977 505 1030 546 de
1060 506 1336 547 aerumnis
1362 519 1489 560 μνο-

18 568 213 618 pterca
241 561 510 615 gloriantes,
539 562 649 616 quod
669 561 941 603 beatissimae
965 562 1079 602 illius
1104 561 1216 602 vitae
1243 575 1360 614 spem
1391 575 1488 604 con-

15 617 265 673 firmarent,
294 616 406 658 risui
441 619 606 659 essent.
675 615 837 657 Totius
868 618 926 668 l.,
967 616 1006 656 si
1036 629 1076 659 v.
1107 617 1147 659 l.
1180 613 1261 667 ἔχο
1273 631 1352 667 μεν
1377 618 1488 659 reti-

16 673 194 724 nueris,
223 672 338 713 ratio
359 671 465 713 haec
488 677 578 715 est:
606 672 832 724 „insontes
856 673 993 726 igitur
1013 671 1098 714 fide
1119 671 1282 714 redditi
1316 673 1360 714 in
1378 687 1487 726 pace

17 736 162 774 sumus
188 741 283 771 cum
303 727 402 771 Deo
426 727 595 771 Christi
622 728 860 781 beneficio,
895 742 975 784 per
1006 743 1132 784 quem
1162 730 1292 771 etium
1322 730 1488 772 [iditum

16 784 270 839 habuimus,
302 789 346 828 et
366 784 540 842 quidem
571 799 650 842 per
680 784 833 838 fidem,
864 786 920 826 ad
951 785 1061 826 lemec
1078 785 1166 826 Dec
1189 785 1405 840 faa-orem,
1441 787 1487 828 in

16 856 96 900 quio
121 847 387 896 perstamus,
420 847 465 885 et
494 842 738 897 gloriamur
767 840 820 883 de
849 856 926 899 spe
946 841 1119 898 amplae
1141 856 1189 881 ac
1210 841 1488 897 splendidae,

17 908 148 957 quam
167 897 292 941 Deus
314 898 458 948 dabit,
488 900 709 942 fortunae.
757 897 860 940 Non
884 897 1025 939 solum
1045 903 1191 938 autem
1211 897 1263 938 de
1287 898 1368 940 hac
1388 900 1486 954 glo-

13 957 205 1009 riamur,
234 970 384 999 verum
403 956 533 998 etiam
555 955 608 997 de
633 955 852 997 aerumnis
874 954 1220 1010 triumphamus,
1252 969 1382 1010 quum
1408 971 1486 998 eae

19 1018 64 1057 et
90 1013 214 1070 ipsae
243 1013 366 1055 illam
395 1028 516 1071 spem
549 1012 850 1055 corroborent.
863 1012 888 1029 ”
952 1010 1051 1066 Qua
1082 1011 1271 1052 lectione
1298 1012 1487 1065 probata

17 1084 60 1114 v.
80 1084 122 1114 ν.
140 1069 184 1113 2.
219 1065 272 1111 δι’
295 1061 341 1112 οἷ
367 1095 420 1101 -
439 1066 678 1137 ἑρτηκαμεν
698 1070 886 1125 frigent,
921 1066 1310 1124 quomodocunque
1338 1083 1378 1112 v.
1407 1069 1487 1121 τήν

0 1123 146 1184 ,χάριν
171 1124 354 1183 ταύτην,
388 1124 433 1169 ἐν
462 1124 490 1183 ᾖ
520 1125 760 1182 εστήκαμεν
790 1126 1009 1182 acceperis
1042 1127 1102 1179 (v.
1124 1127 1294 1182 supra).
1354 1124 1487 1168 Unde

16 1181 74 1227 P.
95 1197 136 1227 V.
161 1184 202 1226 1.
236 1179 420 1235 ἔχωμεν
451 1183 687 1239 scripsisse
715 1187 913 1235 autumo,
946 1181 1062 1238 quod
1093 1181 1147 1222 ab
1169 1184 1233 1225 A.
1255 1181 1304 1225 C.
1329 1181 1388 1226 D.
1413 1184 1485 1227 17.

16 1240 90 1284 37.
109 1240 182 1283 46.
201 1239 274 1282 80.
293 1237 376 1283 Mt.
395 1254 435 1283 a.
456 1240 499 1283 h.
520 1238 565 1282 k.
587 1254 630 1295 g.
651 1255 694 1283 n.
718 1254 760 1295 q.
784 1240 887 1295 Syr.
909 1238 969 1282 It.
991 1238 1129 1293 Vulg.
1152 1238 1313 1293 Chrys.
1336 1238 1487 1281 Theo-

16 1296 161 1340 doret.
200 1295 453 1354 Theophyl.
494 1297 553 1340 al.
589 1296 914 1354 suppeditatum
953 1309 1093 1352 nuper
1127 1295 1332 1352 probavit
1359 1295 1488 1350 Klee,

17 1353 186 1409 reecpit
207 1351 406 1396 Lccclcm..
464 1353 659 1396 Levibus
685 1368 790 1395 sane
812 1353 1084 1407 argumentis
1114 1352 1219 1394 haec
1241 1353 1375 1394 lectio
1403 1353 1487 1394 im·-

16 1413 212 1469 pugnata
233 1414 318 1453 est.
377 1408 491 1452 Nam
516 1409 568 1454 P.
588 1411 626 1450 si
649 1410 753 1458 τοὺς
773 1407 1094 1458 δικαιουῦένῑας
1115 1407 1163 1449 ἐκ
1187 1407 1381 1457 πίστεως
1407 1408 1485 1450 de-

16 1472 190 1509 terrere
217 1466 435 1509 voluisset
464 1482 486 1508 a
516 1465 757 1522 peccando,
798 1480 851 1508 ne
882 1465 1004 1522 pacis
1038 1469 1241 1521 acceptae
1261 1463 1482 1522 jacturam

17 1524 238 1575 facerent,
272 1523 420 1579 aptius
454 1522 672 1564 dicturum
699 1523 840 1564 fuisse
878 1523 1098 1576 τηρῶμεν,
1151 1536 1279 1576 quam
1321 1518 1486 1574 ἔχωμεν

25 1579 165 1623 ΗῙὶηκ.
185 1578 282 1636 p.5.
302 1580 405 1635 post
423 1580 656 1623 Erasmum
673 1578 959 1620 asseveravit.
1017 1575 1160 1631 Quasi
1178 1591 1281 1619 vero
1309 1575 1487 1633 εἰρήνην

17 1633 202 1689 ἔχωμεν
221 1635 336 1691 πρὸς
354 1632 430 1677 τὸν
444 1635 554 1677 θεόν
572 1649 657 1676 non
680 1635 789 1676 satis
811 1639 913 1691 apte
932 1633 1062 1685 dicat,
1095 1635 1169 1688 qui
1193 1648 1245 1675 ne
1262 1647 1350 1689 pax
1370 1648 1486 1675 com-

15 1693 165 1751 posita
195 1692 392 1735 turbetur
420 1690 673 1735 admoneat:
702 1706 853 1748 pacem
885 1690 1116 1732 habeamus
1141 1690 1363 1732 cuvaeo
1392 1690 1424 1733 i.
1443 1705 1485 1734 e.

16 1764 71 1792 ne
90 1763 239 1807 pacem
258 1763 353 1791 cum
374 1748 473 1791 Deo
493 1750 836 1804 coagmentatam
869 1761 1139 1804 rumpamus.
1197 1745 1323 1802 Quae
1350 1746 1405 1788 ab
1433 1761 1486 1788 eo

17 1806 239 1863 rumpitur
263 1806 339 1862 qui
367 1806 567 1863 improbe
597 1806 668 1848 vel
697 1804 862 1847 sentiat
881 1804 951 1847 vel
971 1808 1074 1858 agat
1102 1805 1163 1859 (v.
1186 1804 1228 1857 8,
1249 1805 1293 1847 7.
1327 1801 1423 1847 Col.
1445 1806 1488 1857 l,

15 1864 130 1918 21.).
195 1862 370 1905 Deinde
397 1878 484 1905 non
513 1863 684 1905 hortari
710 1862 782 1904 hic
803 1860 989 1903 Paulum
1013 1860 1116 1908 τοὺς
1149 1858 1486 1913 ὁικαιωθέντας,

17 1919 100 1963 sed
128 1933 278 1962 eorum
305 1920 513 1962 felicitati
540 1919 758 1974 gratulari
789 1934 812 1960 e
840 1932 879 1961 v.
901 1933 970 1974 sq.
1003 1915 1220 1968 intelligi,
1249 1916 1294 1957 in
1324 1915 1486 1972 quihus

19 1981 66 2020 et
91 1975 205 2032 ipsis
235 1974 472 2018 indicativi
500 1977 639 2017 forma
666 1976 843 2029 legatur
864 1973 1021 2015 Rueck.
1051 1977 1095 2014 et
1123 1971 1261 2014 W'e'nz.
1292 1973 1325 2014 l.
1348 1987 1386 2015 c.
1415 1972 1486 2013 in-

17 2032 190 2076 cautius
217 2031 550 2076 contenderunt.
606 2031 813 2089 Apparet
838 2031 972 2082 enim,
1004 2028 1042 2070 si
1068 2043 1109 2071 v.
1138 2030 1179 2071 1.
1209 2025 1391 2080 ἔχωμεν
1411 2042 1484 2070 re-

19 2089 251 2148 posueris,
287 2085 554 2141 καυχώμεθα
579 2102 620 2132 v.
648 2089 691 2132 2.
712 2089 755 2132 3.
784 2103 882 2130 esse
904 2085 1254 2141 Conjemctivum,
1293 2099 1381 2126 non
1404 2083 1487 2127 In·-

20 2145 274 2189 dicativum.
337 2144 410 2187 De
443 2144 632 2199 singulis
661 2160 702 2189 v.
735 2145 798 2187 sic
833 2143 1052 2186 existimo.
1123 2141 1397 2197 Quamquam
1427 2139 1487 2186 P.

20 2204 64 2258 5,
87 2203 129 2246 l.
147 2201 316 2245 ultimis
336 2201 380 2253 4,
398 2201 469 2245 25.
490 2201 638 2243 verbis
666 2216 785 2243 more
814 2216 892 2243 suo
924 2199 1160 2251 annexuit,
1190 2202 1336 2241 tamen
1363 2212 1486 2243 voce.

21 2261 64 2313 5,
87 2260 128 2302 1.
155 2257 470 2307 δικαιωθέντες
501 2253 592 2300 οὖν
623 2256 680 2300 ἐκ
711 2256 955 2306 πίστεως
984 2255 1039 2298 ad
1066 2261 1227 2308 totam,
1259 2269 1368 2312 quae
1405 2269 1483 2296 an-

21 2313 210 2369 tecedit,
240 2314 585 2372 disputationem
615 2316 662 2364 3,
684 2315 885 2368 21.-4,
904 2315 975 2358 25.
1000 2315 1215 2371 spectant.
1270 2313 1485 2366 Arguunt:

21 2371 193 2430 adjecta
213 2386 254 2414 v·
277 2367 326 2413 ἐκ
348 2369 553 2421 πίστεως.
609 2372 830 2429 Alioquin
851 2374 898 2415 A
935 2403 946 2415 .
982 2370 1265 2427 scripsisset:
1293 2369 1486 2410 δικαιω-

20 2421 177 2477 θέντες
199 2423 273 2470 οὖν
291 2424 465 2484 εἰρήνην
484 2425 646 2481 ἔχωμεν
665 2446 703 2472 κ.
715 2446 754 2473 τ.
766 2429 806 2473 λ.
866 2387 1002 2471 VIiJcc.
1023 2428 1098 2469 διὰ
1116 2426 1197 2467 τοῦ
1215 2441 1253 2465 κ.
1272 2419 1313 2480 ἡ.
1334 2419 1380 2468 Ἰ.
1393 2425 1484 2481 Χρ.

19 2487 170 2535 valent
190 2483 218 2528 J
221 2498 299 2527 esu
317 2483 496 2527 Christo
514 2486 764 2540 opitulante.
820 2484 936 2528 Nam
955 2499 1040 2528 non
1054 2483 1153 2525 Deo
1170 2479 1486 2533 tantummodo,

21 2556 173 2588 verum
194 2541 326 2583 etiam
344 2539 521 2583 Christo
543 2541 599 2583 ad
616 2542 762 2584 Deum
789 2548 967 2599 recepto
998 2542 1103 2582 haec
1133 2539 1200 2581 vis
1229 2542 1318 2590 est,
1346 2540 1397 2578 ut
1425 2534 1484 2580 ad

21 2599 187 2661 optima
218 2611 414 2655 quaeque
442 2597 662 2652 hominum
687 2600 855 2641 animos
884 2601 1029 2640 flectat
1065 2598 1112 2652 (l
1141 2595 1262 2637 Tim.
1292 2595 1341 2646 1,
1369 2593 1483 2647 12.).

21 2655 85 2701 V.
103 2655 148 2700 2.
177 2649 203 2710 ἡ
228 2671 253 2707 χ
266 2651 292 2695 ά
305 2669 357 2709 (n
370 2668 392 2703 ς
421 2651 544 2710 αὕτη,
574 2653 618 2697 ἐν
637 2654 665 2710 ’ἡ
684 2652 771 2698 ἐστ.
793 2670 817 2697 a
836 2655 890 2711 τῇ
908 2652 1062 2711 εἰρήνῃ
1080 2652 1134 2709 τῇ
1149 2650 1262 2708 πρὸς
1278 2649 1353 2692 τὸν
1371 2647 1485 2691 θεόν

21 2727 66 2758 V.
85 2710 127 2756 I.
145 2726 270 2754 sensu
287 2724 372 2752 non
392 2708 554 2754 differt.
611 2711 754 2753 Notat
771 2707 884 2753 enim
903 2711 1073 2752 beatam
1096 2710 1315 2751 hominum
1329 2738 1341 2759 ,
1372 2720 1484 2762 quos

23 2768 149 2812 Deus
177 2781 323 2809 amore
352 2767 679 2824 complectitur,
717 2767 1034 2820 conditionem,
1061 2766 1108 2808 in
1138 2766 1224 2822 qua
1251 2762 1486 2805 constituti

26 2834 174 2882 pacem
191 2823 353 2867 hahent
367 2838 463 2866 cum
483 2822 584 2868 Deo
602 2823 790 2883 ideoque
808 2824 850 2869 si
876 2838 963 2869 non
986 2838 1059 2877 re,
1090 2827 1209 2866 certe
1237 2835 1318 2880 spe
1343 2820 1487 2863 fort-u-

83 2894 271 2930 Frtczscne
291 2892 359 2942 Ep.
377 2892 422 2929 ad
441 2892 554 2931 Rom.
1056 2878 1099 2924 R
