1752 3347
161 76 250 120 374
443 69 825 116 Bpls'roLA
851 68 957 115 AD
983 67 1352 115 ROMANOS

167 179 494 236 baptizaremur
511 174 737 234 fimeratos
746 205 762 227 ,
795 178 846 218 ut
864 173 1024 219 Christi
1040 173 1238 230 exemplo
1257 175 1305 218 in
1321 173 1456 218 vitam
1471 177 1632 221 rever-⁸5

167 247 353 278 novam
381 234 414 279 i.
432 247 475 279 e.
499 234 618 289 pium
643 236 772 289 atque
799 231 1080 275 honestam
1106 232 1241 276 vitam
1259 231 1491 274 viveremus
1512 245 1630 274 oom-

168 291 352 334 muniat.
438 288 557 332 Male
591 288 731 344 igitur
763 285 944 331 Tertull.
985 286 1040 330 de
1069 291 1309 332 resurrect.
1334 299 1457 331 carn.
1484 301 1524 331 ο.
1542 288 1634 340 47.,

168 348 341 391 Oecum.
361 345 487 390 Corn.
509 360 538 389 a
555 344 673 401 Lup.
692 344 754 388 al.
775 345 882 399 [non
901 341 1075 402 Morus]
1096 342 1174 399 τὴν
1191 341 1430 386 ἀνάστασιν
1448 344 1636 386 reditum

166 404 213 445 in
230 404 366 446 vitam
393 417 527 444 sensu
552 401 734 460 proprio
762 400 1043 466 interpretati
1071 405 1176 443 sunt
1199 399 1322 457 (olim
1343 399 1386 441 in
1414 400 1548 442 vitam
1564 414 1637 442 re-

165 459 415 509 stituemur,
461 460 571 501 sieut
610 457 770 500 revixit
795 457 1010 509 Cluuius,
1048 458 1098 510 8,
1131 457 1240 511 11.).
1326 454 1463 515 Pejus
1499 457 1636 500 etiam

167 515 338 568 Limb„
367 514 512 571 Kopp.
525 546 540 568 ‚
572 513 768 558 Tkolucc.
788 514 848 557 al.
877 511 956 569 τὴν
976 511 1213 556 ἀνάστασιν
1230 512 1414 556 reditum
1435 513 1481 555 in
1501 513 1638 556 vitan·

167 577 213 615 et
228 572 405 627 proprio
427 586 561 614 sensu
584 574 629 614 et
651 568 836 626 fiqmwcto
860 569 906 614 11.
926 570 959 613 1.
985 569 1211 613 declarare
1226 602 1238 621 ‚
1274 574 1322 610 ut
1344 567 1395 613 P.
1419 570 1552 611 simul
1573 568 1639 611 vi-

167 634 240 672 tae
264 643 345 685 per
372 627 583 671 Messiam
610 627 715 670 olim
743 626 1044 685 restituendae
1073 641 1196 685 spem
1223 626 1464 668 lectoribus
1491 625 1640 678 faciat,

169 685 304 728 simul
328 699 405 726 cos
432 684 569 727 officii
596 683 852 737 admoneat,
890 698 976 740 quo
996 698 1148 726 novam
1169 683 1484 739 honestamque
1504 683 1641 725 vitam

168 755 301 797 agere
331 741 538 784 obstricti
564 745 825 794 teneantur,
873 740 1041 798 opinati
1074 744 1196 783 sunt.
1270 737 1403 793 Quod
1420 740 1642 781 insulsum
1714 771 1718 779 .

168 802 459 840 commentum
487 812 627 854 neque
647 797 935 840 eumFuturo
959 795 1151 850 ἕσόμεὸα
1170 795 1400 837 conciliari
1419 800 1567 851 potest
1596 800 1643 838 et

168 853 305 899 Pauli
333 855 753 911 argumentationem
792 868 833 896 v·
853 854 1012 898 5.—7.
1041 852 1283 895 disturbat.
1369 850 1576 895 Ceterum
1615 859 1642 909 ἠ

171 908 413 961 ἀνάστασις
439 926 525 953 non
557 926 689 954 novae
718 911 974 966 (honestae)
1004 909 1121 951 vitae
1157 908 1423 953 instauratio
1455 913 1550 961 est,
1595 914 1646 951 ut

171 965 331 1012 Rueck.
355 967 486 1010 Pauli
506 961 882 1022 argumentatione
903 966 1078 1008 minime
1104 966 1331 1007 intellecta
1353 965 1440 1007 sibi
1462 979 1647 1022 persua-

174 1025 258 1079 sit,
287 1023 366 1068 sed
385 1026 624 1068 industriae
642 1023 963 1078 redintegratio
978 1055 990 1075 ‚
1017 1026 1103 1079 qua
1126 1022 1288 1078 aliquid
1310 1027 1474 1078 agas-et
1493 1022 1647 1064 molia-

173 1082 253 1126 ris.
320 1080 449 1124 Ha‘ne
476 1082 590 1124 enim
620 1081 734 1123 viam
756 1080 808 1123 P.
830 1079 953 1132 iniit,
987 1083 1038 1121 ut
1057 1093 1191 1136 quum
1213 1078 1331 1121 vitae
1353 1078 1548 1121 actiones
1568 1078 1649 1120 ho·-

175 1138 317 1181 mines
336 1139 492 1182 christ.
511 1137 709 1180 studiose
729 1138 998 1194 repetituros
1024 1150 1123 1178 esse
1141 1149 1182 1180 v.
1201 1135 1245 1179 5.
1267 1135 1534 1189 monuisset,
1573 1134 1650 1177 de-
1702 1132 1705 1135 ⁴

174 1194 279 1238 inde
300 1196 435 1238 vitam
456 1195 512 1237 ab
531 1196 587 1237 iis
609 1199 850 1237 resumtum
869 1207 954 1236 non
976 1193 1210 1248 pristinam
1236 1206 1335 1234 esse
1357 1206 1490 1249 posse
1507 1197 1553 1235 et
1571 1192 1653 1234 fla-

176 1251 409 1308 gitiosam,
438 1251 518 1294 sed
534 1266 684 1295 novam
703 1256 744 1294 et
763 1250 985 1293 honestam
1002 1249 1136 1293 vitam
1159 1248 1434 1305 cogitandam
1457 1264 1556 1292 esse
1574 1248 1653 1291 do-

179 1313 369 1353 ceret'v.
389 1312 433 1353 6.
456 1311 500 1353 7.
538 1305 650 1350 ἀλλὰ
678 1305 772 1363 καί]
803 1306 860 1351 G.
891 1307 1003 1359 ἅμα
1031 1304 1105 1351 καί
1132 1304 1215 1362 (lt.
1246 1306 1385 1361 Vulg.
1414 1306 1542 1348 simul
1569 1307 1654 1361 ct.)
1706 1300 1712 1351 ⁴.

176 1365 394 1423 probante
420 1366 559 1408 Beza.
626 1363 768 1422 Saepe
798 1364 889 1417 ἅμα
921 1367 966 1405 et
994 1360 1108 1405 ἀλλά
1136 1362 1432 1405 confunderunt
1455 1363 1655 1416 librarii3

178 1436 222 1466 v.
253 1422 426 1466 Jacobs.
454 1421 511 1464 ad
537 1421 712 1465 Achill.
739 1420 845 1463 Tat.
865 1418 933 1473 Il,
951 1435 996 1478 p.
1016 1420 1105 1463 828
1122 1435 1190 1477 sq.
1219 1424 1265 1462 et
1287 1420 1439 1463 Herm.
1470 1419 1525 1462 ad
1547 1418 1656 1462 Phi-

178 1479 287 1523 loct.
309 1493 351 1523 v.
374 1477 503 1522 1150.
522 1477 584 1522 Η.
602 1479 636 1521 l.
668 1475 781 1520 ἀλλά
838 1478 1045 1519 enuinum
1065 1491 1165 1518 esse
1185 1481 1307 1534 patet
1323 1475 1378 1517 ab
1400 1476 1658 1535 interpreti-

180 1535 265 1577 bus
297 1536 407 1578 mire
437 1535 742 1578 sollicitatum.
844 1533 935 1575 ialc
965 1547 1060 1574 cum
1091 1533 1135 1577 11.
1155 1533 1188 1577 l.
1219 1536 1242 1575 1
1263 1532 1367 1576 Cor.
1387 1533 1431 1586 4,
1452 1534 1519 1577 15.
1549 1535 1592 1586 9,
1611 1533 1657 1577 2.

180 1593 212 1634 2
232 1590 335 1636 Cor.
355 1593 409 1644 4,
431 1593 500 1636 16.
543 1593 622 1643 11,
639 1591 682 1634 6.
715 1589 782 1639 13,
801 1589 846 1634 4.
872 1589 1128 1633 contendas.
1206 1589 1280 1632 Ibi
1306 1591 1418 1632 enim
1447 1587 1560 1632 ἀλλά
1591 1593 1659 1644 (et

183 1647 345 1702 ἀλλάγε
366 1650 390 1690 1
410 1647 514 1692 Cor.
533 1649 575 1699 9,
591 1649 656 1698 2.)
684 1652 786 1704 post
815 1646 1142 1689 enuntiationes
1171 1645 1505 1704 hypotheticas,
1557 1647 1660 1703 qui·
1721 1653 1727 1659 “

182 1704 267 1746 hus
288 1703 461 1760 aliquid
477 1701 752 1754 conceditur,
779 1703 825 1744 in
846 1701 1030 1760 apodosi
1051 1717 1227 1757 gravem
1250 1703 1305 1745 ad
1326 1703 1658 1760 praecedentem

185 1764 264 1803 aut
282 1774 430 1803 vocem
453 1765 532 1802 aut
552 1759 818 1801 sententiam
847 1759 1166 1815 oppositionem
1186 1760 1321 1801 insert
1339 1765 1384 1801 ut
1406 1757 1591 1814 (ἀλλάγε
1610 1763 1659 1802 at

181 1817 411 1869 nimirum,
439 1821 487 1859 at
509 1817 661 1869 certe).
723 1814 933 1873 Ejusdem
958 1815 1135 1869 generis
1157 1820 1283 1867 sunt,
1323 1830 1436 1871 quae
1465 1815 1570 1858 ΙΠη.
1590 1829 1660 1870 gr.

221 1903 232 1914 .
253 1873 356 1917 371.
381 1872 558 1924 attulit,
607 1870 683 1928 qui
705 1876 756 1913 et
776 1872 872 1928 ipse
901 1869 1078 1912 diversa
1095 1871 1128 1914 Ι.
1148 1871 1421 1913 commiscuit
1440 1885 1662 1928 quumque

184 1925 299 1973 αλλά
328 1934 374 1972 et
403 1928 575 1987 pondus
605 1926 787 1985 apodosi
813 1925 976 1969 addere
1003 1933 1048 1970 et
1073 1941 1097 1969 e
1124 1926 1308 1971 duarum
1337 1934 1666 1971 structurarum

185 1986 445 2030 confusione
462 1983 770 2042 explicandum
793 1998 893 2026 esse
913 1983 1096 2038 diceret,
1119 1984 1231 2041 ‘quid
1251 1985 1436 2027 sentiret
1456 1999 1540 2026 non
1563 1999 1665 2042 per-
1707 1979 1711 1985 ’

187 2043 341 2102 spicue
360 2043 621 2085 enuntiavit.
683 2040 863 2093 Wetst„
898 2040 1051 2085 Reich.
1071 2042 1130 2084 al.
1152 2037 1265 2083 ἀλλὰ
1287 2039 1384 2095 καί,
1412 2042 1504 2083 sed
1529 2042 1667 2085 etiam
1727 2054 1734 2094 ’,

188 2100 236 2144 11.
256 2099 290 2143 l.
310 2100 458 2143 valere
477 2098 668 2156 opinati,
703 2097 750 2140 in
771 2096 955 2155 apodosi
981 2102 1082 2140 ante
1103 2094 1216 2139 ἀλλὰ
1238 2097 1312 2140 καί
1330 2099 1565 2156 supplent:
1604 2095 1667 2141 οὐ

189 2151 358 2211 μόνον
386 2157 483 2197 τοῦ
512 2150 769 2197 θανάτου
799 2151 932 2198 αὐτο
946 2156 986 2197 ὕ.
1032 2153 1343 2212 Opportunum
1363 2160 1650 2197 commentum

191 2226 279 2270 quo
300 2227 323 2255 e
341 2211 680 2281 difficultati-bus
703 2211 833 2253 facile
855 2214 899 2253 te
919 2211 1130 2280 expedias
1149 2215 1211 2268 (v.
1227 2227 1265 2256 c.
1288 2211 1407 2268 Phil.
1429 2215 1468 2265 1,
1485 2212 1528 2256 8.
1565 2189 1668 2280 :Mei
1727 2199 1732 2206 ⁶

189 2269 267 2311 ἀἱ
283 2283 538 2337 χαρ’)9”μ“
557 2282 621 2310 ⁸¹⁰
642 2267 918 2367 fflffffiffi?
950 2266 1670 2368 ἳέῖεὲἳιῖἔὲιῖηόῗῂῖιαξεῖἑῖ.ᾈ«ἶέλῗζῖ

194 2386 406 2436 syntaxm
429 2389 672 2439 pervertas,
735 2338 895 2438 Neillue
913 2339 1027 2424 Enim
1049 2353 1168 2424 recte
1188 2382 1252 2424 sic
1270 2383 1494 2438 loquaris:
1527 2352 1566 2424 5ιί
1588 2381 1670 2425 hoo
1745 2398 1752 2415 ⁴

193 2437 280 2480 teci
295 2471 305 2490 ,
336 2441 431 2497 (ηρ.
452 2453 533 2481 mm
549 2438 682 2480 solum
703 2437 784 2479 hoc
806 2439 964 2480 secisse
989 2444 1218 2483 contentus
1244 2442 1342 2491 ero)
1369 2440 1593 2482 sedetiam
1615 2438 1671 2481 il-
1740 2460 1742 2462 >

194 2326 270 2368 καὶ
296 2326 574 2391 χαρησομαι)
585 2357 597 2378 ,
635 2339 683 2366 se

194 2487 277 2536 iud
298 2494 481 2551 factam.
547 2493 645 2538 Imo
665 2509 796 2551 quum
819 2491 932 2536 ἀλλά
954 2496 999 2538 in
1020 2496 1167 2537 subito
1187 2495 1244 2538 ad
1262 2511 1415 2538 novam
1436 2511 1527 2539 rem
1548 2502 1669 2538 trau-

197 2550 289 2593 situ
315 2550 525 2609 usurpari
562 2557 756 2606 constet,
803 2547 915 2594 ἀλλὰ
952 2550 1028 2594 καί
1068 2551 1184 2596 haud
1213 2567 1315 2595 raro
1350 2568 1497 2596 rerum
1522 2553 1669 2604 etiam,

198 2610 317 2653 obet
336 2611 445 2661 auct),
474 2607 701 2650 declarare
720 2608 983 2651 non-mirum
1004 2613 1090 2656 ost.
1127 2609 1196 2654 Cf.
1209 2610 1319 2653 Luc.
1336 2610 1494 2663 24‚22.
1531 2606 1669 2705 Diff-

199 2661 293 2707 Sic.
312 2664 366 2717 5,
391 2665 466 2708 84.
515 2661 693 2721 Διόπερ
732 2662 779 2707 ἐν
805 2668 904 2715 ταῖς
935 2662 1108 2721 νήσοις,
1155 2665 1294 2708 ἀλλὰ
1325 2670 1413 2709 καὶ
1443 2663 1555 2708 κατὰ
1627 2691 1640 2718 Ι

1646 2681 1667 2704 v
1748 2678 1752 2683 .

197 2715 347 2766 Ἀσίαν
363 2718 443 2771 τὰς
468 2718 720 2776 ἐπωνυμίας
737 2720 884 2775 ἔχουσι
901 2721 1087 2778 Κρητῶν
1105 2721 1278 2779 λιμένες
1298 2724 1370 2766 καὶ
1391 2723 1577 2779 Μινῷαι
1593 2735 1668 2762 κα·
1717 2750 1722 2757 ·
1745 2732 1752 2787 '3
